
@article{abou-salehCoalgebraicAspectsBidirectional2017,
  title = {Coalgebraic {{Aspects}} of {{Bidirectional Computation}}.},
  author = {{Abou-Saleh}, Faris and McKinna, James and Gibbons, Jeremy},
  year = {2017},
  journal = {The Journal of Object Technology},
  volume = {16},
  number = {1},
  pages = {1:1},
  issn = {1660-1769},
  doi = {10.5381/jot.2017.16.1.a1},
  langid = {english}
}

@book{acetoReactiveSystemsModelling2007,
  title = {Reactive {{Systems}}: {{Modelling}}, {{Specification}} and {{Verification}}},
  shorttitle = {Reactive {{Systems}}},
  author = {Aceto, Luca and Ingolfsdottir, Anna and Larsen, Kim Guldstrand and Srba, Jiri},
  year = {2007},
  publisher = {{Cambridge University Press}},
  address = {{Cambridge}},
  doi = {10.1017/CBO9780511814105},
  isbn = {978-0-511-81410-5}
}

@article{agostinelliGeant4SimulationToolkit2003,
  title = {Geant4\textemdash a Simulation Toolkit},
  author = {Agostinelli, S. and Allison, J. and Amako, K. and Apostolakis, J. and Araujo, H. and Arce, P. and Asai, M. and Axen, D. and Banerjee, S. and Barrand, G. and Behner, F. and Bellagamba, L. and Boudreau, J. and Broglia, L. and Brunengo, A. and Burkhardt, H. and Chauvie, S. and Chuma, J. and Chytracek, R. and Cooperman, G. and Cosmo, G. and Degtyarenko, P. and Dell'Acqua, A. and Depaola, G. and Dietrich, D. and Enami, R. and Feliciello, A. and Ferguson, C. and Fesefeldt, H. and Folger, G. and Foppiano, F. and Forti, A. and Garelli, S. and Giani, S. and Giannitrapani, R. and Gibin, D. and G{\'o}mez Cadenas, J.J. and Gonz{\'a}lez, I. and Gracia Abril, G. and Greeniaus, G. and Greiner, W. and Grichine, V. and Grossheim, A. and Guatelli, S. and Gumplinger, P. and Hamatsu, R. and Hashimoto, K. and Hasui, H. and Heikkinen, A. and Howard, A. and Ivanchenko, V. and Johnson, A. and Jones, F.W. and Kallenbach, J. and Kanaya, N. and Kawabata, M. and Kawabata, Y. and Kawaguti, M. and Kelner, S. and Kent, P. and Kimura, A. and Kodama, T. and Kokoulin, R. and Kossov, M. and Kurashige, H. and Lamanna, E. and Lamp{\'e}n, T. and Lara, V. and Lefebure, V. and Lei, F. and Liendl, M. and Lockman, W. and Longo, F. and Magni, S. and Maire, M. and Medernach, E. and Minamimoto, K. and {Mora de Freitas}, P. and Morita, Y. and Murakami, K. and Nagamatu, M. and Nartallo, R. and Nieminen, P. and Nishimura, T. and Ohtsubo, K. and Okamura, M. and O'Neale, S. and Oohata, Y. and Paech, K. and Perl, J. and Pfeiffer, A. and Pia, M.G. and Ranjard, F. and Rybin, A. and Sadilov, S. and Di Salvo, E. and Santin, G. and Sasaki, T. and Savvas, N. and Sawada, Y. and Scherer, S. and Sei, S. and Sirotenko, V. and Smith, D. and Starkov, N. and Stoecker, H. and Sulkimo, J. and Takahata, M. and Tanaka, S. and Tcherniaev, E. and Safai Tehrani, E. and Tropeano, M. and Truscott, P. and Uno, H. and Urban, L. and Urban, P. and Verderi, M. and Walkden, A. and Wander, W. and Weber, H. and Wellisch, J.P. and Wenaus, T. and Williams, D.C. and Wright, D. and Yamada, T. and Yoshida, H. and Zschiesche, D.},
  year = {2003},
  month = jul,
  journal = {Nuclear Instruments and Methods in Physics Research Section A: Accelerators, Spectrometers, Detectors and Associated Equipment},
  volume = {506},
  number = {3},
  pages = {250--303},
  issn = {01689002},
  doi = {10.1016/S0168-9002(03)01368-8},
  langid = {english}
}

@article{aguilarModelCheckingBPMN,
  title = {Model {{Checking}} of {{BPMN Models}} for {{Reconfigurable Workflows}}},
  author = {Aguilar, Juan Carlos Polanco and Hasebe, Koji and Mazzara, Manuel and Kato, Kazuhiko},
  pages = {3},
  langid = {english}
}

@phdthesis{alanaziConsistencyCheckingMultiple2008,
  title = {Consistency {{Checking}} in {{Multiple UML State Diagrams Using Super State Analysis}}},
  author = {Alanazi, Mohammad N},
  year = {2008},
  langid = {english},
  school = {Kansas State University}
}

@inproceedings{alanaziSuperStateAnalysis2009,
  title = {Super {{State Analysis}} for {{UML State Diagrams}}},
  booktitle = {2009 {{WRI World Congress}} on {{Computer Science}} and {{Information Engineering}}},
  author = {Alanazi, Mohammad N. and Gustafson, David A.},
  year = {2009},
  pages = {560--565},
  publisher = {{IEEE}},
  address = {{Los Angeles, California USA}},
  doi = {10.1109/CSIE.2009.943},
  isbn = {978-0-7695-3507-4},
  langid = {english}
}

@article{allakiBuildingConsistentUML2017,
  title = {Building {{Consistent UML Models}} for {{Better Model Driven Engineering}}},
  author = {Allaki, Driss},
  year = {2017},
  volume = {15},
  number = {5},
  pages = {12},
  langid = {english}
}

@article{allakiNEWTAXONOMYINCONSISTENCIES,
  title = {A {{NEW TAXONOMY OF INCONSISTENCIES IN UML MODELS WITH THEIR DETECTION METHODS FOR BETTER MDE}}},
  author = {Allaki, Driss and Dahchour, Mohamed and {En-Nouaary}, Abdeslam},
  pages = {18},
  langid = {english}
}

@incollection{amaralRecentAdvancesMultiparadigm2010,
  title = {Recent {{Advances}} in {{Multi-paradigm Modeling}}},
  booktitle = {Models in {{Software Engineering}}},
  author = {Amaral, Vasco and Hardebolle, C{\'e}cile and Karsai, Gabor and Lengyel, L{\'a}szl{\'o} and Levendovszky, Tiham{\'e}r},
  editor = {Hutchison, David and Kanade, Takeo and Kittler, Josef and Kleinberg, Jon M. and Mattern, Friedemann and Mitchell, John C. and Naor, Moni and Nierstrasz, Oscar and Pandu Rangan, C. and Steffen, Bernhard and Sudan, Madhu and Terzopoulos, Demetri and Tygar, Doug and Vardi, Moshe Y. and Weikum, Gerhard and Ghosh, Sudipto},
  year = {2010},
  volume = {6002},
  pages = {220--224},
  publisher = {{Springer Berlin Heidelberg}},
  address = {{Berlin, Heidelberg}},
  doi = {10.1007/978-3-642-12261-3_21},
  isbn = {978-3-642-12260-6 978-3-642-12261-3},
  langid = {english}
}

@article{amraniMultiparadigmModellingCyber2021,
  title = {Multi-Paradigm Modelling for Cyber\textendash Physical Systems: A Descriptive Framework},
  shorttitle = {Multi-Paradigm Modelling for Cyber\textendash Physical Systems},
  author = {Amrani, Moussa and Blouin, Dominique and Heinrich, Robert and Rensink, Arend and Vangheluwe, Hans and Wortmann, Andreas},
  year = {2021},
  month = jun,
  journal = {Software and Systems Modeling},
  volume = {20},
  number = {3},
  pages = {611--639},
  issn = {1619-1366, 1619-1374},
  doi = {10.1007/s10270-021-00876-z},
  langid = {english}
}

@techreport{andreSyntaxSemanticsClock2009,
  type = {Research Report},
  title = {Syntax and Semantics of the Clock Constraint Specification Language ({{CCSL}})},
  author = {Andr{\'e}, Charles},
  year = {2009},
  number = {RR-6925},
  pages = {37},
  institution = {{INRIA}},
  hal_id = {inria-00384077},
  hal_version = {v2},
  pdf = {https://hal.inria.fr/inria-00384077v2/file/RR-6925.pdf},
  keywords = {CCSL,semantics,syntax,time constraints,UML}
}

@article{anjorinBenchmarkingBidirectionalTransformations2020,
  title = {Benchmarking Bidirectional Transformations: Theory, Implementation, Application, and Assessment},
  shorttitle = {Benchmarking Bidirectional Transformations},
  author = {Anjorin, Anthony and Buchmann, Thomas and Westfechtel, Bernhard and Diskin, Zinovy and Ko, Hsiang-Shang and Eramo, Romina and Hinkel, Georg and {Samimi-Dehkordi}, Leila and Z{\"u}ndorf, Albert},
  year = {2020},
  month = may,
  journal = {Software and Systems Modeling},
  volume = {19},
  number = {3},
  pages = {647--691},
  issn = {1619-1366, 1619-1374},
  doi = {10.1007/s10270-019-00752-x},
  langid = {english}
}

@inproceedings{anjorinBenchmarXReloadedPractical2017,
  title = {{{BenchmarX}} Reloaded: {{A}} Practical Benchmark Framework for Bidirectional Transformations},
  booktitle = {{{BX}}@{{ETAPS}}},
  author = {Anjorin, Anthony and Diskin, Zinovy and Jouault, Fr{\'e}d{\'e}ric and Ko, Hsiang-Shang and Leblebici, Erhan and Westfechtel, Bernhard},
  year = {2017}
}

@article{arbabAbstractBehaviorTypes2005,
  title = {Abstract {{Behavior Types}}: A Foundation Model for Components and Their Composition},
  shorttitle = {Abstract {{Behavior Types}}},
  author = {Arbab, Farhad},
  year = {2005},
  month = mar,
  journal = {Science of Computer Programming},
  volume = {55},
  number = {1-3},
  pages = {3--52},
  issn = {01676423},
  doi = {10.1016/j.scico.2004.05.010},
  langid = {english}
}

@incollection{arbabIWIMModelCoordination1996,
  title = {The {{IWIM}} Model for Coordination of Concurrent Activities},
  booktitle = {Coordination {{Languages}} and {{Models}}},
  author = {Arbab, Farhad},
  editor = {Goos, Gerhard and Hartmanis, Juris and Leeuwen, Jan and Ciancarini, Paolo and Hankin, Chris},
  year = {1996},
  volume = {1061},
  pages = {34--56},
  publisher = {{Springer Berlin Heidelberg}},
  address = {{Berlin, Heidelberg}},
  doi = {10.1007/3-540-61052-9_38},
  isbn = {978-3-540-61052-6 978-3-540-49936-7}
}

@article{arbabWhatYouMean2001,
  title = {What Do You Mean, Coordination?},
  author = {Arbab, Farhad},
  year = {2001},
  month = feb
}

@article{autiliGraphicalScenariosSpecifying2007,
  title = {Graphical Scenarios for Specifying Temporal Properties: An Automated Approach},
  shorttitle = {Graphical Scenarios for Specifying Temporal Properties},
  author = {Autili, M. and Inverardi, P. and Pelliccione, P.},
  year = {2007},
  month = sep,
  journal = {Automated Software Engineering},
  volume = {14},
  number = {3},
  pages = {293--340},
  issn = {0928-8910, 1573-7535},
  doi = {10.1007/s10515-007-0012-6},
  langid = {english}
}

@article{awadidConsistencyRequirementsBusiness2019,
  title = {Consistency Requirements in Business Process Modeling: A Thorough Overview},
  shorttitle = {Consistency Requirements in Business Process Modeling},
  author = {Awadid, Afef and Nurcan, Selmin},
  year = {2019},
  month = apr,
  journal = {Software \& Systems Modeling},
  volume = {18},
  number = {2},
  pages = {1097--1115},
  issn = {1619-1366, 1619-1374},
  doi = {10.1007/s10270-017-0629-2},
  langid = {english}
}

@incollection{azziVerigraphSystemGraph2018,
  title = {The Verigraph System for Graph Transformation},
  booktitle = {Graph Transformation, Specifications, and Nets: {{In}} Memory of Hartmut Ehrig},
  author = {Azzi, Guilherme Grochau and Bezerra, Jonas Santos and Ribeiro, Leila and Costa, Andrei and Rodrigues, Leonardo Marques and Machado, Rodrigo},
  editor = {Heckel, Reiko and Taentzer, Gabriele},
  year = {2018},
  pages = {160--178},
  publisher = {{Springer International Publishing}},
  address = {{Cham}},
  doi = {10.1007/978-3-319-75396-6₉},
  isbn = {978-3-319-75396-6}
}

@article{babaeiEfficientReorderingReplay2020,
  title = {Efficient {{Reordering}} and {{Replay}} of {{Execution Traces}} of {{Distributed Reactive Systems}} in the {{Context}} of {{Model-driven Development}}},
  author = {Babaei, Majid and Bagherzadeh, Mojtaba and Dingel, Juergen},
  year = {2020},
  pages = {12},
  langid = {english}
}

@inbook{baeza-yatesVisualDebuggingAutomatic1996,
  title = {Visual {{Debugging}} and {{Automatic Animation}} of {{C Programs}}},
  booktitle = {Series on {{Software Engineering}} and {{Knowledge Engineering}}},
  author = {{Baeza-Yates}, R. A. and Quezada, G. and Valmadre, G.},
  year = {1996},
  month = nov,
  volume = {7},
  pages = {46--58},
  publisher = {{WORLD SCIENTIFIC}},
  doi = {10.1142/9789812797995_0003},
  collaborator = {Eades, P and Zhang, K},
  isbn = {978-981-02-2826-2 978-981-279-799-5},
  langid = {english}
}

@book{baierPrinciplesModelChecking2008,
  title = {Principles of Model Checking},
  author = {Baier, Christel and Katoen, Joost-Pieter},
  year = {2008},
  publisher = {{MIT Press}},
  bibsource = {dblp computer science bibliography, https://dblp.org},
  biburl = {https://dblp.org/rec/books/daglib/0020348.bib},
  isbn = {978-0-262-02649-9},
  timestamp = {Tue, 15 Feb 2011 11:22:37 +0100}
}

@article{bakerNaturallyOccurringP16Ink4apositive2016,
  title = {Naturally Occurring {{p16Ink4a-positive}} Cells Shorten Healthy Lifespan},
  author = {Baker, Darren J. and Childs, Bennett G. and Durik, Matej and Wijers, Melinde E. and Sieben, Cynthia J. and Zhong, Jian and A. Saltness, Rachel and Jeganathan, Karthik B. and Verzosa, Grace Casaclang and Pezeshki, Abdulmohammad and Khazaie, Khashayarsha and Miller, Jordan D. and {van Deursen}, Jan M.},
  year = {2016},
  month = feb,
  journal = {Nature},
  volume = {530},
  number = {7589},
  pages = {184--189},
  publisher = {{Nature Publishing Group}},
  issn = {1476-4687},
  doi = {10.1038/nature16932},
  copyright = {2016 Nature Publishing Group, a division of Macmillan Publishers Limited. All Rights Reserved.},
  langid = {english},
  keywords = {Ageing,Senescence}
}

@article{balarinMetropolisIntegratedElectronic2003,
  title = {Metropolis: An Integrated Electronic System Design Environment},
  shorttitle = {Metropolis},
  author = {Balarin, F. and Watanabe, Y. and Hsieh, H. and Lavagno, L. and Passerone, C. and {Sangiovanni-Vincentelli}, A.},
  year = {2003},
  month = apr,
  journal = {Computer},
  volume = {36},
  number = {4},
  pages = {45--52},
  issn = {0018-9162},
  doi = {10.1109/MC.2003.1193228},
  langid = {english}
}

@incollection{baldanConcurrentSemanticsAlgebraic1999,
  title = {Concurrent Semantics of Algebraic Graph Transformations},
  booktitle = {Handbook of {{Graph Grammars}} and {{Computing}} by {{Graph Transformation}}},
  author = {Baldan, Paolo and Corradini, Andrea and Montanari, Ugo and Rossi, Francesca and Ehrig, Hartmut and L{\"o}we, Michael},
  year = {1999},
  month = aug,
  volume = {3},
  pages = {107--188},
  publisher = {{World Scientific}},
  doi = {10.1142/9789812814951_0003}
}

@inproceedings{bar-sinaiBPjsExtensibleOpen2018,
  title = {{{BPjs}}: An Extensible, Open Infrastructure for Behavioral Programming Research},
  shorttitle = {{{BPjs}}},
  booktitle = {Proceedings of the 21st {{ACM}}/{{IEEE International Conference}} on {{Model Driven Engineering Languages}} and {{Systems}}: {{Companion Proceedings}}},
  author = {{Bar-Sinai}, Michael and Weiss, Gera and Shmuel, Reut},
  year = {2018},
  month = oct,
  pages = {59--60},
  publisher = {{ACM}},
  address = {{Copenhagen Denmark}},
  doi = {10.1145/3270112.3270126},
  isbn = {978-1-4503-5965-8},
  langid = {english}
}

@article{bar-sinaiBPjsFrameworkModeling2018,
  title = {{{BPjs}} --- a Framework for Modeling Reactive Systems Using a Scripting Language and {{BP}}},
  author = {{Bar-Sinai}, Michael and Weiss, Gera and Shmuel, Reut},
  year = {2018},
  month = jun,
  journal = {arXiv:1806.00842 [cs]},
  eprint = {1806.00842},
  eprinttype = {arxiv},
  primaryclass = {cs},
  archiveprefix = {arXiv},
  langid = {english},
  keywords = {Computer Science - Formal Languages and Automata Theory,Computer Science - Programming Languages,Computer Science - Software Engineering}
}

@incollection{barbaneraChoreographyAutomata2020,
  title = {Choreography {{Automata}}},
  booktitle = {Coordination {{Models}} and {{Languages}}},
  author = {Barbanera, Franco and Lanese, Ivan and Tuosto, Emilio},
  editor = {Bliudze, Simon and Bocchi, Laura},
  year = {2020},
  volume = {12134},
  pages = {86--106},
  publisher = {{Springer International Publishing}},
  address = {{Cham}},
  doi = {10.1007/978-3-030-50029-0_6},
  isbn = {978-3-030-50028-3 978-3-030-50029-0},
  langid = {english}
}

@inproceedings{barbosaUMLModelRefactoring2008,
  title = {{{UML Model Refactoring}} as {{Refinement}}: {{A Coalgebraic Perspective}}},
  shorttitle = {{{UML Model Refactoring}} as {{Refinement}}},
  booktitle = {2008 10th {{International Symposium}} on {{Symbolic}} and {{Numeric Algorithms}} for {{Scientific Computing}}},
  author = {Barbosa, Luis Soares and Meng, Sun},
  year = {2008},
  pages = {340--347},
  publisher = {{IEEE}},
  address = {{Timisoara, Romania}},
  doi = {10.1109/SYNASC.2008.88},
  isbn = {978-0-7695-3523-4},
  langid = {english}
}

@article{baresiEfficientSolutionModel2008,
  title = {An {{Efficient Solution}} for {{Model Checking Graph Transformation Systems}}},
  author = {Baresi, Luciano and Rafe, Vahid and Rahmani, Adel T. and Spoletini, Paola},
  year = {2008},
  month = may,
  journal = {Electronic Notes in Theoretical Computer Science},
  volume = {213},
  number = {1},
  pages = {3--21},
  issn = {15710661},
  doi = {10.1016/j.entcs.2008.04.071},
  langid = {english}
}

@article{bashirUMLModelsConsistency2016,
  title = {{{UML}} Models Consistency Management: {{Guidelines}} for Software Quality Manager},
  author = {Bashir, Raja Sehrab},
  year = {2016},
  journal = {International Journal of Information Management},
  pages = {17},
  langid = {english}
}

@inproceedings{basuModelingHeterogeneousRealtime2006,
  title = {Modeling {{Heterogeneous Real-time Components}} in {{BIP}}},
  booktitle = {Fourth {{IEEE International Conference}} on {{Software Engineering}} and {{Formal Methods}} ({{SEFM}}'06)},
  author = {Basu, A. and Bozga, M. and Sifakis, J.},
  year = {2006},
  pages = {3--12},
  publisher = {{IEEE}},
  address = {{Pune, India}},
  doi = {10.1109/SEFM.2006.27},
  isbn = {978-0-7695-2678-2},
  langid = {english}
}

@article{beckerVeriGraphToolModel,
  title = {{{VeriGraph}}: {{A Tool For Model Checking Graph Grammars}}},
  author = {Becker, Thiago Rafael},
  pages = {95},
  langid = {english}
}

@phdthesis{bednarczykCategoriesAsynchronousSystems1987,
  title = {Categories of Asynchronous Systems},
  author = {Bednarczyk, Marek A.},
  year = {1987}
}

@article{bednarczykExpressingVerifyingTemporal2015,
  title = {Expressing and {{Verifying Temporal}} and {{Structural Properties}} of {{Mobile Agents}}},
  author = {Bednarczyk, Marek A and Jamroga, Wojciech and Paw{\l}owski, Wies{\l}aw},
  year = {2015},
  pages = {24},
  langid = {english}
}

@article{bednarczykFiniteCompletenessCategories2000,
  title = {Finite {{Completeness}} of {{Categories}} of {{Petri Nets}}},
  author = {Bednarczyk, Marek A. and Borzyszkowski, Andrzej M. and Somla, Rafa{\l}},
  year = {2000},
  journal = {Fundamenta Informaticae},
  volume = {43},
  number = {1-4},
  pages = {21--48},
  issn = {01692968},
  doi = {10.3233/FI-2000-43123402},
  langid = {english}
}

@article{bednarczykModellingAnalysingSystems2008,
  title = {Modelling and {{Analysing Systems}} of {{Agents}} by {{Agent-aware Transition Systems}}},
  author = {Bednarczyk, Marek and Bernardinello, Luca and Paw{\l}owski, Wies{\l}aw and Pomello, Lucia},
  year = {2008},
  pages = {11},
  langid = {english}
}

@incollection{bednarczykModellingMobilityPetri2005,
  title = {Modelling {{Mobility}} with {{Petri Hypernets}}},
  booktitle = {Recent {{Trends}} in {{Algebraic Development Techniques}}},
  author = {Bednarczyk, Marek A. and Bernardinello, Luca and Paw{\l}owski, Wies{\l}aw and Pomello, Lucia},
  editor = {Hutchison, David and Kanade, Takeo and Kittler, Josef and Kleinberg, Jon M. and Mattern, Friedemann and Mitchell, John C. and Naor, Moni and Nierstrasz, Oscar and Pandu Rangan, C. and Steffen, Bernhard and Sudan, Madhu and Terzopoulos, Demetri and Tygar, Dough and Vardi, Moshe Y. and Weikum, Gerhard and Fiadeiro, Jos{\'e} Luiz and Mosses, Peter D. and Orejas, Fernando},
  year = {2005},
  volume = {3423},
  pages = {28--44},
  publisher = {{Springer Berlin Heidelberg}},
  address = {{Berlin, Heidelberg}},
  doi = {10.1007/978-3-540-31959-7_2},
  isbn = {978-3-540-25327-3 978-3-540-31959-7},
  langid = {english}
}

@incollection{bednarczykModularSystemDevelopment2003,
  title = {Modular {{System Development}} with {{Pullbacks}}},
  booktitle = {Applications and {{Theory}} of {{Petri Nets}} 2003},
  author = {Bednarczyk, Marek A. and Bernardinello, Luca and Caillaud, Beno{\^i}t and Paw{\l}owski, Wies{\l}aw and Pomello, Lucia},
  editor = {Goos, Gerhard and Hartmanis, Juris and {van Leeuwen}, Jan and {van der Aalst}, Wil M. P. and Best, Eike},
  year = {2003},
  volume = {2679},
  pages = {140--160},
  publisher = {{Springer Berlin Heidelberg}},
  address = {{Berlin, Heidelberg}},
  doi = {10.1007/3-540-44919-1_12},
  isbn = {978-3-540-40334-0 978-3-540-44919-5},
  langid = {english}
}

@article{bednarczykMultifacetApproachDynamic2008,
  title = {A Multi-Facet Approach to Dynamic Agent Systems},
  author = {Bednarczyk, Marek A and Paw{\l}owski, Wies{\l}aw and Bernardinello, Luca and Pomello, Lucia and Borzyszkowski, Tomasz},
  year = {2008},
  pages = {15},
  langid = {english}
}

@book{BeingScientistGuide2009,
  title = {On {{Being}} a {{Scientist}}: {{A Guide}} to {{Responsible Conduct}} in {{Research}}: {{Third Edition}}},
  shorttitle = {On {{Being}} a {{Scientist}}},
  year = {2009},
  month = mar,
  publisher = {{National Academies Press}},
  address = {{Washington, D.C.}},
  doi = {10.17226/12192},
  isbn = {978-0-309-11970-2},
  langid = {english}
}

@article{bencomoModelsRunTime2019,
  title = {Models@run.Time: A Guided Tour of the State of the Art and Research Challenges},
  shorttitle = {Models@run.Time},
  author = {Bencomo, Nelly and G{\"o}tz, Sebastian and Song, Hui},
  year = {2019},
  month = oct,
  journal = {Software \& Systems Modeling},
  volume = {18},
  number = {5},
  pages = {3049--3082},
  issn = {1619-1366, 1619-1374},
  doi = {10.1007/s10270-018-00712-x},
  langid = {english}
}

@article{benelallamRaisingTimeAwareness,
  title = {Raising {{Time Awareness}} in {{Model-Driven Engineering}}},
  author = {Benelallam, Amine and Hartmann, Thomas and Mouline, Ludovic and Fouquet, Francois and Bourcier, Johann and Barais, Olivier and Traon, Yves Le},
  pages = {10},
  langid = {english}
}

@article{benniCharacterizingBlackboxComposition2020,
  title = {Characterizing {{Black-box Composition Operators}} via {{Generated Tailored Benchmarks}}.},
  author = {Benni, Benjamin and Mosser, S{\'e}bastien and Acherc, Mathieu and Paillart, Mathieu},
  year = {2020},
  journal = {The Journal of Object Technology},
  volume = {19},
  number = {2},
  pages = {7:1},
  issn = {1660-1769},
  doi = {10.5381/jot.2020.19.2.a7},
  langid = {english}
}

@inproceedings{benvenutiContractbasedFormalismSpecification2008,
  title = {A Contract-Based Formalism for the Specification of Heterogeneous Systems},
  booktitle = {2008 {{Forum}} on {{Specification}}, {{Verification}} and {{Design Languages}}},
  author = {Benvenuti, Luca and Ferrari, Alberto and Mangeruca, Leonardo and Mazzi, Emanuele and Passerone, Roberto and Sofronis, Christos},
  year = {2008},
  month = sep,
  pages = {142--147},
  publisher = {{IEEE}},
  address = {{Stuttgart}},
  doi = {10.1109/FDL.2008.4641436},
  isbn = {978-1-4244-2264-7},
  langid = {english}
}

@book{berardSystemsSoftwareVerification2001,
  title = {Systems and {{Software Verification}}},
  author = {B{\'e}rard, B{\'e}atrice and Bidoit, Michel and Finkel, Alain and Laroussinie, Fran{\c c}ois and Petit, Antoine and Petrucci, Laure and Schnoebelen, Philippe and McKenzie, Pierre},
  year = {2001},
  publisher = {{Springer Berlin Heidelberg}},
  address = {{Berlin, Heidelberg}},
  doi = {10.1007/978-3-662-04558-9},
  isbn = {978-3-642-07478-3 978-3-662-04558-9},
  langid = {english}
}

@incollection{bezivinCanonicalSchemeModel2006,
  title = {A {{Canonical Scheme}} for {{Model Composition}}},
  booktitle = {Model {{Driven Architecture}} \textendash{} {{Foundations}} and {{Applications}}},
  author = {B{\'e}zivin, Jean and Bouzitouna, Salim and Del Fabro, Marcos Didonet and Gervais, Marie-Pierre and Jouault, Fr{\'e}deric and Kolovos, Dimitrios and Kurtev, Ivan and Paige, Richard F.},
  editor = {Hutchison, David and Kanade, Takeo and Kittler, Josef and Kleinberg, Jon M. and Mattern, Friedemann and Mitchell, John C. and Naor, Moni and Nierstrasz, Oscar and Pandu Rangan, C. and Steffen, Bernhard and Sudan, Madhu and Terzopoulos, Demetri and Tygar, Dough and Vardi, Moshe Y. and Weikum, Gerhard and Rensink, Arend and Warmer, Jos},
  year = {2006},
  volume = {4066},
  pages = {346--360},
  publisher = {{Springer Berlin Heidelberg}},
  address = {{Berlin, Heidelberg}},
  doi = {10.1007/11787044_26},
  isbn = {978-3-540-35909-8 978-3-540-35910-4},
  langid = {english}
}

@phdthesis{boronatMOMENTFormalFramework2007,
  title = {{{MOMENT}}: {{A Formal Framework}} for {{MOdel managemMENT}}},
  author = {Boronat, Artur},
  year = {2007},
  langid = {english}
}

@incollection{boronatWhatMultimodelingLanguage2009,
  title = {What {{Is}} a {{Multi-modeling Language}}?},
  booktitle = {Recent {{Trends}} in {{Algebraic Development Techniques}}},
  author = {Boronat, Artur and Knapp, Alexander and Meseguer, Jos{\'e} and Wirsing, Martin},
  editor = {Corradini, Andrea and Montanari, Ugo},
  year = {2009},
  volume = {5486},
  pages = {71--87},
  publisher = {{Springer Berlin Heidelberg}},
  address = {{Berlin, Heidelberg}},
  doi = {10.1007/978-3-642-03429-9_6},
  isbn = {978-3-642-03428-2 978-3-642-03429-9}
}

@inproceedings{boulangerSimulationMultiFormalismModels2008,
  title = {Simulation of {{Multi-Formalism Models}} with {{ModHel}}'{{X}}},
  booktitle = {2008 {{International Conference}} on {{Software Testing}}, {{Verification}}, and {{Validation}}},
  author = {Boulanger, Fr and Hardebolle, C},
  year = {2008},
  month = apr,
  pages = {318--327},
  publisher = {{IEEE}},
  address = {{Lillehammer, Norway}},
  doi = {10.1109/ICST.2008.15},
  isbn = {978-0-7695-3127-4},
  langid = {english}
}

@inproceedings{bousseExecutionFrameworkGEMOC2016,
  title = {Execution Framework of the {{GEMOC}} Studio (Tool Demo)},
  booktitle = {Proceedings of the 2016 {{ACM SIGPLAN International Conference}} on {{Software Language Engineering}}},
  author = {Bousse, Erwan and Degueule, Thomas and Vojtisek, Didier and Mayerhofer, Tanja and Deantoni, Julien and Combemale, Benoit},
  year = {2016},
  month = oct,
  pages = {84--89},
  publisher = {{ACM}},
  address = {{Amsterdam Netherlands}},
  doi = {10.1145/2997364.2997384},
  isbn = {978-1-4503-4447-0},
  langid = {english}
}

@inproceedings{bozgaAutomatedValidationDistributed2001,
  title = {Automated Validation of Distributed Software Using the {{IF}} Environment},
  booktitle = {{{IEEE}} International Symposium on Network Computing and Applications ({{NCA}} 2001)},
  author = {Bozga, Marius and Graf, Susanne and Mounier, Laurent},
  year = {2001},
  month = oct,
  pages = {268--275},
  publisher = {{IEEE Computer Society}},
  address = {{Cambridge, MA, United States}},
  hal_id = {hal-00374652},
  hal_version = {v1},
  pdf = {https://hal.archives-ouvertes.fr/hal-00374652/file/nca2001.pdf},
  keywords = {IF,real-time distributed systems,validation environment,validation methodology}
}

@incollection{bozgaIF2ValidationEnvironment2002,
  title = {{{IF-2}}.0: {{A Validation Environment}} for {{Component-Based Real-Time Systems}}},
  shorttitle = {{{IF-2}}.0},
  booktitle = {Computer {{Aided Verification}}},
  author = {Bozga, Marius and Graf, Susanne and Mounier, Laurent},
  editor = {Goos, Gerhard and Hartmanis, Juris and {van Leeuwen}, Jan and Brinksma, Ed and Larsen, Kim Guldstrand},
  year = {2002},
  volume = {2404},
  pages = {343--348},
  publisher = {{Springer Berlin Heidelberg}},
  address = {{Berlin, Heidelberg}},
  doi = {10.1007/3-540-45657-0_26},
  isbn = {978-3-540-43997-4 978-3-540-45657-5},
  langid = {english}
}

@article{braendshoeiConsistencyCheckingUML,
  title = {Consistency Checking {{UML}} Interactions and State Machines},
  author = {Braendshoei, Bjoern},
  pages = {148},
  langid = {english}
}

@article{brambillaLTLFormalizationBPML2005,
  title = {{{LTL Formalization}} of {{BPML Semantics}} and {{Visual Notation}} for {{Linear Temporal Logic}}},
  author = {Brambilla, Marco},
  year = {2005},
  journal = {Technical Report},
  pages = {43},
  langid = {english}
}

@book{brambillaModeldrivenSoftwareEngineering2017,
  title = {Model-Driven Software Engineering in Practice},
  author = {Brambilla, Marco and Cabot, Jordi and Wimmer, Manuel},
  year = {2017},
  series = {Synthesis Lectures on Software Engineering},
  edition = {Second},
  number = {4},
  publisher = {{Morgan \& Claypool Publishers}},
  address = {{San Rafael, Calif.}},
  isbn = {978-1-62705-708-0},
  langid = {english}
}

@article{brandCommunicatingFiniteStateMachines1983,
  title = {On {{Communicating Finite-State Machines}}},
  author = {Brand, Daniel and Zafiropulo, Pitro},
  year = {1983},
  month = apr,
  journal = {Journal of the ACM},
  volume = {30},
  number = {2},
  pages = {323--342},
  issn = {0004-5411, 1557-735X},
  doi = {10.1145/322374.322380},
  langid = {english}
}

@incollection{broyDefinitionSystemModel2009,
  title = {Definition of the System Model},
  author = {Broy, Manfred and Cengarle, Mar{\'i}a and Gr{\"o}nniger, Hans and Rumpe, Bernhard},
  year = {2009},
  month = oct,
  pages = {61--93},
  doi = {10.1002/9780470522622.ch4},
  isbn = {978-0-470-52262-2}
}

@book{broyPerspectivesSystemInformatics2003,
  title = {Perspectives of System Informatics: 5th {{International Andrei Ershov Memorial Conference}}, {{PSI}} 2003, {{Akademgorodok}}, {{Novosibirsk}}, {{Russia}}, {{July}} 9-12, 2003 ; Revised Papers},
  shorttitle = {Perspectives of System Informatics},
  editor = {Broy, M. and Zamulin, A. V.},
  year = {2003},
  series = {Lecture Notes in Computer Science},
  number = {2890},
  publisher = {{Springer}},
  address = {{Berlin ; New York}},
  isbn = {978-3-540-20813-6},
  langid = {english},
  lccn = {QA75.5 .I5443 2003},
  keywords = {ocl,temporal logic},
  annotation = {OCLC: ocm54081486}
}

@incollection{bruelModelTransformationReuse2018,
  title = {Model {{Transformation Reuse Across Metamodels}}},
  booktitle = {Theory and {{Practice}} of {{Model Transformation}}},
  author = {Bruel, Jean-Michel and Combemale, Benoit and Guerra, Esther and J{\'e}z{\'e}quel, Jean-Marc and Kienzle, J{\"o}rg and {de Lara}, Juan and Mussbacher, Gunter and Syriani, Eugene and Vangheluwe, Hans},
  editor = {Rensink, Arend and S{\'a}nchez Cuadrado, Jes{\'u}s},
  year = {2018},
  volume = {10888},
  pages = {92--109},
  publisher = {{Springer International Publishing}},
  address = {{Cham}},
  doi = {10.1007/978-3-319-93317-7_4},
  isbn = {978-3-319-93316-0 978-3-319-93317-7},
  langid = {english}
}

@inproceedings{brumbulliAutomaticVerificationBPMN2020,
  title = {Automatic Verification of {{BPMN}} Models},
  booktitle = {10th European Congress on Embedded Real Time Software and Systems ({{ERTS}} 2020)},
  author = {Brumbulli, Mihal and Gaudin, Emmanuel and Teodorov, Ciprian},
  year = {2020},
  month = jan,
  address = {{Toulouse, France}},
  hal_id = {hal-02441878},
  hal_version = {v1},
  pdf = {https://hal.archives-ouvertes.fr/hal-02441878/file/20200129\textsubscript{p}aper.pdf},
  keywords = {BPMN,Model Checking,Verification}
}

@article{bucchiaroneGrandChallengesModeldriven2020,
  title = {Grand Challenges in Model-Driven Engineering: An Analysis of the State of the Research},
  author = {Bucchiarone, Antonio and Cabot, Jordi and Paige, Richard and Pierantonio, Alfonso},
  year = {2020},
  month = jan,
  journal = {Software and Systems Modeling},
  volume = {19},
  pages = {1--9},
  doi = {10.1007/s10270-019-00773-6}
}

@article{burguenoContentsModelBasedSoftware2019,
  title = {Contents for a {{Model-Based Software Engineering Body}} of {{Knowledge}}},
  author = {Burgue{\~n}o, Loli and Ciccozzi, Federico and Famelis, Michalis and Kappel, Gerti and Lambers, Leen and Mosser, Sebastien and Paige, Richard F. and Pierantonio, Alfonso and Rensink, Arend and Salay, Rick and Taentzer, Gabriele and Vallecillo, Antonio and Wimmer, Manuel},
  year = {2019},
  month = dec,
  journal = {Software and Systems Modeling},
  volume = {18},
  number = {6},
  pages = {3193--3205},
  issn = {1619-1366, 1619-1374},
  doi = {10.1007/s10270-019-00746-9},
  langid = {english}
}

@inproceedings{capelAutomatingTransformationBPMN2012,
  title = {Automating the {{Transformation}} from {{BPMN Models}} to {{CSP}}+{{T Specifications}}},
  booktitle = {2012 35th {{Annual IEEE Software Engineering Workshop}}},
  author = {Capel, Manuel I. and Mendoza, Luis E.},
  year = {2012},
  month = oct,
  pages = {100--109},
  publisher = {{IEEE}},
  address = {{Heraclion, Crete, Greece}},
  doi = {10.1109/SEW.2012.17},
  isbn = {978-1-4673-5574-2 978-0-7695-4947-7},
  langid = {english}
}

@incollection{cengarleHeterogeneousApproachUML2008,
  title = {A {{Heterogeneous Approach}} to {{UML Semantics}}},
  booktitle = {Concurrency, {{Graphs}} and {{Models}}},
  author = {Cengarle, Mar{\'i}a Victoria and Knapp, Alexander and Tarlecki, Andrzej and Wirsing, Martin},
  editor = {Hutchison, David and Kanade, Takeo and Kittler, Josef and Kleinberg, Jon M. and Mattern, Friedemann and Mitchell, John C. and Naor, Moni and Nierstrasz, Oscar and Pandu Rangan, C. and Steffen, Bernhard and Sudan, Madhu and Terzopoulos, Demetri and Tygar, Doug and Vardi, Moshe Y. and Weikum, Gerhard and Degano, Pierpaolo and De Nicola, Rocco and Meseguer, Jos{\'e}},
  year = {2008},
  volume = {5065},
  pages = {383--402},
  publisher = {{Springer Berlin Heidelberg}},
  address = {{Berlin, Heidelberg}},
  doi = {10.1007/978-3-540-68679-8_23},
  isbn = {978-3-540-68676-7 978-3-540-68679-8}
}

@inproceedings{chenCompositionalSpecificationBehavioral2007,
  title = {Compositional Specification of Behavioral Semantics},
  booktitle = {2007 Design, Automation Test in Europe Conference Exhibition},
  author = {Chen, Kai and Sztipanovits, Janos and Neema, Sandeep},
  year = {2007},
  pages = {1--6},
  doi = {10.1109/DATE.2007.364408}
}

@article{cheneyPrinciplesLeastChange2017,
  title = {On Principles of {{Least Change}} and {{Least Surprise}} for Bidirectional Transformations.},
  author = {Cheney, James and Gibbons, Jeremy and McKinna, James and Stevens, Perdita},
  year = {2017},
  journal = {The Journal of Object Technology},
  volume = {16},
  number = {1},
  pages = {3:1},
  issn = {1660-1769},
  doi = {10.5381/jot.2017.16.1.a3},
  langid = {english}
}

@inproceedings{chenFormalModelingComponent2010,
  title = {A {{Formal Modeling}} for {{Component Behaviors Based}} on {{Event Track}}},
  booktitle = {2010 {{Fifth IEEE International Symposium}} on {{Service Oriented System Engineering}}},
  author = {Chen, Zhongyu and Zhang, Jichang and Miao, Huaikou and Guo, Zhenghu},
  year = {2010},
  month = jun,
  pages = {113--116},
  publisher = {{IEEE}},
  address = {{Nanjing, China}},
  doi = {10.1109/SOSE.2010.9},
  isbn = {978-1-4244-7327-4},
  langid = {english}
}

@article{choiTimingConsistencyChecking2016,
  title = {Timing Consistency Checking for {{UML}}/{{MARTE}} Behavioral Models},
  author = {Choi, Jinho and Jee, Eunkyoung and Bae, Doo-Hwan},
  year = {2016},
  month = sep,
  journal = {Software Quality Journal},
  volume = {24},
  number = {3},
  pages = {835--876},
  issn = {0963-9314, 1573-1367},
  doi = {10.1007/s11219-015-9290-6},
  langid = {english}
}

@incollection{ciattoTwentyYearsCoordination2018,
  title = {Twenty {{Years}} of {{Coordination Technologies}}: {{State-of-the-Art}} and {{Perspectives}}},
  shorttitle = {Twenty {{Years}} of {{Coordination Technologies}}},
  booktitle = {Coordination {{Models}} and {{Languages}}},
  author = {Ciatto, Giovanni and Mariani, Stefano and Louvel, Maxime and Omicini, Andrea and Zambonelli, Franco},
  editor = {Di Marzo Serugendo, Giovanna and Loreti, Michele},
  year = {2018},
  volume = {10852},
  pages = {51--80},
  publisher = {{Springer International Publishing}},
  address = {{Cham}},
  doi = {10.1007/978-3-319-92408-3_3},
  isbn = {978-3-319-92407-6 978-3-319-92408-3},
  langid = {english}
}

@article{cicchettiMultiviewApproachesSoftware2019,
  title = {Multi-View Approaches for Software and System Modelling: A Systematic Literature Review},
  shorttitle = {Multi-View Approaches for Software and System Modelling},
  author = {Cicchetti, Antonio and Ciccozzi, Federico and Pierantonio, Alfonso},
  year = {2019},
  month = dec,
  journal = {Software and Systems Modeling},
  volume = {18},
  number = {6},
  pages = {3207--3233},
  issn = {1619-1366, 1619-1374},
  doi = {10.1007/s10270-018-00713-w},
  langid = {english}
}

@book{clarkeHandbookModelChecking2018,
  title = {Handbook of {{Model Checking}}},
  editor = {Clarke, Edmund M. and Henzinger, Thomas A. and Veith, Helmut and Bloem, Roderick},
  year = {2018},
  publisher = {{Springer International Publishing}},
  address = {{Cham}},
  doi = {10.1007/978-3-319-10575-8},
  isbn = {978-3-319-10574-1 978-3-319-10575-8},
  langid = {english}
}

@article{clarkeStateSpaceReduction1999,
  title = {State Space Reduction Using Partial Order Techniques},
  author = {Clarke, E.M. and Grumberg, O. and Minea, M. and Peled, D.},
  year = {1999},
  month = nov,
  journal = {International Journal on Software Tools for Technology Transfer (STTT)},
  volume = {2},
  number = {3},
  pages = {279--287},
  issn = {1433-2779, 1433-2787},
  doi = {10.1007/s100090050035},
  langid = {english}
}

@incollection{colangeloReducingSoftwareArchitecture2006,
  title = {Reducing {{Software Architecture Models Complexity}}: {{A Slicing}} and {{Abstraction Approach}}},
  shorttitle = {Reducing {{Software Architecture Models Complexity}}},
  booktitle = {Formal {{Techniques}} for {{Networked}} and {{Distributed Systems}} - {{FORTE}} 2006},
  author = {Colangelo, Daniela and Compare, Daniele and Inverardi, Paola and Pelliccione, Patrizio},
  editor = {Najm, Elie and {Pradat-Peyre}, Jean-Fran{\c c}ois and {Donzeau-Gouge}, V{\'e}ronique Vigui{\'e}},
  year = {2006},
  volume = {4229},
  pages = {243--258},
  publisher = {{Springer Berlin Heidelberg}},
  address = {{Berlin, Heidelberg}},
  doi = {10.1007/11888116_19},
  isbn = {978-3-540-46219-4 978-3-540-46220-0},
  langid = {english}
}

@article{combemaleGlobalizingModelingLanguages2014,
  title = {Globalizing {{Modeling Languages}}},
  author = {Combemale, Benoit and DeAntoni, Julien and Baudry, Benoit and France, Robert B. and Jezequel, Jean-Marc and Gray, Jeff},
  year = {2014},
  month = jun,
  journal = {Computer},
  volume = {47},
  number = {6},
  pages = {68--71},
  issn = {0018-9162},
  doi = {10.1109/MC.2014.147},
  langid = {english}
}

@incollection{combemaleReifyingConcurrencyExecutable2013,
  title = {Reifying {{Concurrency}} for {{Executable Metamodeling}}},
  booktitle = {Software {{Language Engineering}}},
  author = {Combemale, Beno{\^i}t and De Antoni, Julien and Larsen, Matias Vara and Mallet, Fr{\'e}d{\'e}ric and Barais, Olivier and Baudry, Benoit and France, Robert B.},
  editor = {Hutchison, David and Kanade, Takeo and Kittler, Josef and Kleinberg, Jon M. and Mattern, Friedemann and Mitchell, John C. and Naor, Moni and Nierstrasz, Oscar and Pandu Rangan, C. and Steffen, Bernhard and Sudan, Madhu and Terzopoulos, Demetri and Tygar, Doug and Vardi, Moshe Y. and Weikum, Gerhard and Erwig, Martin and Paige, Richard F. and Van Wyk, Eric},
  year = {2013},
  volume = {8225},
  pages = {365--384},
  publisher = {{Springer International Publishing}},
  address = {{Cham}},
  doi = {10.1007/978-3-319-02654-1_20},
  isbn = {978-3-319-02653-4 978-3-319-02654-1},
  langid = {english}
}

@article{combemaleSolutionTTC15,
  title = {A {{Solution}} to the {{TTC}}'15 {{Model Execution Case Using}} the {{GEMOC Studio}}},
  author = {Combemale, Benoit and Deantoni, Julien and Barais, Olivier and Blouin, Arnaud and Bousse, Erwan and Brun, C{\'e}dric and Degueule, Thomas and Vojtisek, Didier},
  pages = {9},
  langid = {english}
}

@article{CompositionStateMachines,
  title = {Composition of State Machines (Formally)},
  pages = {44},
  langid = {english}
}

@inbook{corradiniAlgebraicApproachesGraph1997,
  title = {Algebraic {{Approaches}} to {{Graph Transformation}}, {{Part I}}: {{Basic Concepts}} and {{Double Pushout Approach}}},
  shorttitle = {{{ALGEBRAIC APPROACHES TO GRAPH TRANSFORMATION}} \textendash{} {{PART I}}},
  booktitle = {Handbook of {{Graph Grammars}} and {{Computing}} by {{Graph Transformation}}},
  author = {Corradini, A. and Montanari, U. and Rossi, F. and Ehrig, H. and Heckel, R. and L{\"o}we, M.},
  year = {1997},
  month = feb,
  pages = {163--245},
  publisher = {{WORLD SCIENTIFIC}},
  doi = {10.1142/9789812384720_0003},
  collaborator = {Rozenberg, Grzegorz},
  isbn = {978-981-02-2884-2 978-981-238-472-0},
  langid = {english}
}

@inproceedings{corradiniBProVeToolSupport2017,
  title = {{{BProVe}}: {{Tool}} Support for Business Process Verification},
  shorttitle = {{{BProVe}}},
  booktitle = {2017 32nd {{IEEE}}/{{ACM International Conference}} on {{Automated Software Engineering}} ({{ASE}})},
  author = {Corradini, Flavio and Fornari, Fabrizio and Polini, Andrea and Re, Barbara and Tiezzi, Francesco and Vandin, Andrea},
  year = {2017},
  month = oct,
  pages = {937--942},
  publisher = {{IEEE}},
  address = {{Urbana, IL}},
  doi = {10.1109/ASE.2017.8115708},
  isbn = {978-1-5386-2684-9},
  langid = {english}
}

@article{corradiniClassificationBPMNCollaborations2018,
  title = {A {{Classification}} of {{BPMN Collaborations}} Based on {{Safeness}} and {{Soundness Notions}}},
  author = {Corradini, Flavio and Muzi, Chiara and Re, Barbara and Tiezzi, Francesco},
  year = {2018},
  month = aug,
  journal = {Electronic Proceedings in Theoretical Computer Science},
  volume = {276},
  pages = {37--52},
  issn = {2075-2180},
  doi = {10.4204/EPTCS.276.5},
  langid = {english}
}

@article{corradiniConcurrentComputingPetri1995,
  title = {Concurrent {{Computing}}: From {{Petri Nets}} to {{Graph Grammars}}},
  shorttitle = {Concurrent {{Computing}}},
  author = {Corradini, Andrea},
  year = {1995},
  journal = {Electronic Notes in Theoretical Computer Science},
  volume = {2},
  pages = {56--70},
  issn = {15710661},
  doi = {10.1016/S1571-0661(05)80181-1},
  langid = {english}
}

@article{corradiniCorrectnessCheckingBPMN2020,
  title = {Correctness Checking for {{BPMN}} Collaborations with Sub-Processes},
  author = {Corradini, Flavio and Morichetta, Andrea and Polini, Andrea and Re, Barbara and Rossi, Lorenzo and Tiezzi, Francesco},
  year = {2020},
  month = aug,
  journal = {Journal of Systems and Software},
  volume = {166},
  pages = {110594},
  issn = {01641212},
  doi = {10.1016/j.jss.2020.110594},
  langid = {english}
}

@article{corradiniFormalApproachAnalysis2021,
  title = {A Formal Approach for the Analysis of {{BPMN}} Collaboration Models},
  author = {Corradini, Flavio and Fornari, Fabrizio and Polini, Andrea and Re, Barbara and Tiezzi, Francesco and Vandin, Andrea},
  year = {2021},
  month = oct,
  journal = {Journal of Systems and Software},
  volume = {180},
  pages = {111007},
  issn = {01641212},
  doi = {10.1016/j.jss.2021.111007},
  langid = {english}
}

@inproceedings{costaVerigraphSystemSpecification2016,
  title = {Verigraph: {{A}} System for Specification and Analysis of Graph Grammars},
  booktitle = {Formal Methods: {{Foundations}} and Applications},
  author = {Costa, Andrei and Bezerra, Jonas and Azzi, Guilherme and Rodrigues, Leonardo and Becker, Thiago Rafael and Herdt, Ricardo Gabriel and Machado, Rodrigo},
  editor = {Ribeiro, Leila and Lecomte, Thierry},
  year = {2016},
  pages = {78--94},
  publisher = {{Springer International Publishing}},
  address = {{Cham}},
  isbn = {978-3-319-49815-7}
}

@inproceedings{cunhaFormalVerificationUML2011,
  title = {Formal {{Verification}} of {{UML Sequence Diagrams}} in the {{Embedded Systems Context}}},
  booktitle = {2011 {{Brazilian Symposium}} on {{Computing System Engineering}}},
  author = {Cunha, E. and Custodio, M. and Rocha, H. and Barreto, R.},
  year = {2011},
  month = nov,
  pages = {39--45},
  publisher = {{IEEE}},
  address = {{Florianopolis, Brazil}},
  doi = {10.1109/SBESC.2011.18},
  isbn = {978-0-7695-4641-4 978-1-4673-0427-6},
  langid = {english}
}

@inproceedings{czarneckiClassificationModelTransformation2003,
  title = {Classification of Model Transformation Approaches},
  author = {Czarnecki, K. and Helsen, S.},
  year = {2003}
}

@inproceedings{czyzDeclarativeVisualDebugging2007,
  title = {Declarative and Visual Debugging in {{Eclipse}}},
  booktitle = {Proceedings of the 2007 {{OOPSLA}} Workshop on Eclipse Technology {{eXchange}}  - Eclipse '07},
  author = {Czyz, Jeffrey K. and Jayaraman, Bharat},
  year = {2007},
  pages = {31--35},
  publisher = {{ACM Press}},
  address = {{Montreal, Quebec, Canada}},
  doi = {10.1145/1328279.1328286},
  isbn = {978-1-60558-015-9},
  langid = {english}
}

@article{damConsistentMergingModel2016,
  title = {Consistent Merging of Model Versions},
  author = {Dam, Hoa Khanh and Egyed, Alexander and Winikoff, Michael and Reder, Alexander and {Lopez-Herrejon}, Roberto E.},
  year = {2016},
  month = feb,
  journal = {Journal of Systems and Software},
  volume = {112},
  pages = {137--155},
  issn = {01641212},
  doi = {10.1016/j.jss.2015.06.044},
  langid = {english}
}

@inproceedings{davisMultidomainSuretyModeling1999,
  title = {Multi-Domain Surety Modeling and Analysis for High Assurance Systems},
  booktitle = {Proceedings {{ECBS}}'99. {{IEEE Conference}} and {{Workshop}} on {{Engineering}} of {{Computer-Based Systems}}},
  author = {Davis, J. and Scott, J. and Sztipanovits, J. and Martinez, M.},
  year = {1999},
  pages = {254--260},
  publisher = {{IEEE Comput. Soc}},
  address = {{Nashville, TN, USA}},
  doi = {10.1109/ECBS.1999.755889},
  isbn = {978-0-7695-0028-7},
  langid = {english}
}

@inproceedings{deantoniDebuggingVerificationTools2021,
  title = {Debugging and Verification Tools for {{LINGUA FRANCA}} in {{GEMOC}} Studio},
  booktitle = {2021 Forum on Specification  \& Design Languages ({{FDL}})},
  author = {Deantoni, Julien and Cambeiro, Jo{\~a}o and Bateni, Soroush and Lin, Shaokai and Lohstroh, Marten},
  year = {2021},
  month = sep,
  address = {{Antibes, France}},
  hal_id = {hal-03374955},
  hal_version = {v1},
  pdf = {https://hal.inria.fr/hal-03374955/file/FDL21.pdf}
}

@incollection{deantoniDomainGlobalizationUsing2015,
  title = {Domain {{Globalization}}: {{Using Languages}} to {{Support Technical}} and {{Social Coordination}}},
  shorttitle = {Domain {{Globalization}}},
  booktitle = {Globalizing {{Domain-Specific Languages}}},
  author = {Deantoni, Julien and Brun, C{\'e}dric and Caillaud, Benoit and France, Robert B. and Karsai, Gabor and Nierstrasz, Oscar and Syriani, Eugene},
  editor = {Combemale, Benoit and Cheng, Betty H.C. and France, Robert B. and J{\'e}z{\'e}quel, Jean-Marc and Rumpe, Bernhard},
  year = {2015},
  volume = {9400},
  pages = {70--87},
  publisher = {{Springer International Publishing}},
  address = {{Cham}},
  doi = {10.1007/978-3-319-26172-0_5},
  isbn = {978-3-319-26171-3 978-3-319-26172-0},
  langid = {english}
}

@inproceedings{deantoniModelingBehavioralSemantics2016,
  title = {Modeling the {{Behavioral Semantics}} of {{Heterogeneous Languages}} and Their {{Coordination}}},
  booktitle = {2016 {{Architecture-Centric Virtual Integration}} ({{ACVI}})},
  author = {Deantoni, Julien},
  year = {2016},
  month = apr,
  pages = {12--18},
  publisher = {{IEEE}},
  address = {{Venice, Italy}},
  doi = {10.1109/ACVI.2016.9},
  isbn = {978-1-5090-2488-9},
  langid = {english}
}

@inproceedings{deantoniRTsimexRetroanalysisExecution2010,
  title = {{{RT-simex}}: Retro-Analysis of Execution Traces},
  shorttitle = {{{RT-simex}}},
  booktitle = {Proceedings of the Eighteenth {{ACM SIGSOFT}} International Symposium on {{Foundations}} of Software Engineering - {{FSE}} '10},
  author = {DeAntoni, Julien and Mallet, Fr{\'e}d{\'e}ric and Thomas, Fr{\'e}d{\'e}ric and Reydet, Gonzague and Babau, Jean-Philippe and Mraidha, Chokri and Gauthier, Ludovic and Rioux, Laurent and Sordon, Nicolas},
  year = {2010},
  pages = {377},
  publisher = {{ACM Press}},
  address = {{Santa Fe, New Mexico, USA}},
  doi = {10.1145/1882291.1882357},
  isbn = {978-1-60558-791-2},
  langid = {english}
}

@incollection{deantoniTimeSquareTreatYour2012,
  title = {{{TimeSquare}}: {{Treat Your Models}} with {{Logical Time}}},
  shorttitle = {{{TimeSquare}}},
  booktitle = {Objects, {{Models}}, {{Components}}, {{Patterns}}},
  author = {DeAntoni, Julien and Mallet, Fr{\'e}d{\'e}ric},
  editor = {Hutchison, David and Kanade, Takeo and Kittler, Josef and Kleinberg, Jon M. and Mattern, Friedemann and Mitchell, John C. and Naor, Moni and Nierstrasz, Oscar and Pandu Rangan, C. and Steffen, Bernhard and Sudan, Madhu and Terzopoulos, Demetri and Tygar, Doug and Vardi, Moshe Y. and Weikum, Gerhard and Furia, Carlo A. and Nanz, Sebastian},
  year = {2012},
  volume = {7304},
  pages = {34--41},
  publisher = {{Springer Berlin Heidelberg}},
  address = {{Berlin, Heidelberg}},
  doi = {10.1007/978-3-642-30561-0_4},
  isbn = {978-3-642-30560-3 978-3-642-30561-0},
  langid = {english}
}

@incollection{delaraComputerAidedMultiparadigm2002,
  title = {Computer {{Aided Multi-paradigm Modelling}} to {{Process Petri-Nets}} and {{Statecharts}}},
  booktitle = {Graph {{Transformation}}},
  author = {{de Lara}, Juan and Vangheluwe, Hans},
  editor = {Goos, Gerhard and Hartmanis, Juris and {van Leeuwen}, Jan and Corradini, Andrea and Ehrig, Hartmut and Kreowski, Hans -J{\"o}rg and Rozenberg, Grzegorz},
  year = {2002},
  volume = {2505},
  pages = {239--253},
  publisher = {{Springer Berlin Heidelberg}},
  address = {{Berlin, Heidelberg}},
  doi = {10.1007/3-540-45832-8_19},
  isbn = {978-3-540-44310-0 978-3-540-45832-6},
  langid = {english}
}

@article{delaraDistributedEventGraphs2005,
  title = {Distributed {{Event Graphs}}: {{Formalizing Component-based Modelling}} and {{Simulation}}},
  shorttitle = {Distributed {{Event Graphs}}},
  author = {{de Lara}, Juan},
  year = {2005},
  month = apr,
  journal = {Electronic Notes in Theoretical Computer Science},
  volume = {127},
  number = {4},
  pages = {145--162},
  issn = {15710661},
  doi = {10.1016/j.entcs.2004.08.052},
  langid = {english}
}

@incollection{delaraGenericMetamodellingConcepts2010,
  title = {Generic {{Meta-modelling}} with {{Concepts}}, {{Templates}} and {{Mixin Layers}}},
  booktitle = {Model {{Driven Engineering Languages}} and {{Systems}}},
  author = {{de Lara}, Juan and Guerra, Esther},
  editor = {Hutchison, David and Kanade, Takeo and Kittler, Josef and Kleinberg, Jon M. and Mattern, Friedemann and Mitchell, John C. and Naor, Moni and Nierstrasz, Oscar and Pandu Rangan, C. and Steffen, Bernhard and Sudan, Madhu and Terzopoulos, Demetri and Tygar, Doug and Vardi, Moshe Y. and Weikum, Gerhard and Petriu, Dorina C. and Rouquette, Nicolas and Haugen, {\O}ystein},
  year = {2010},
  volume = {6394},
  pages = {16--30},
  publisher = {{Springer Berlin Heidelberg}},
  address = {{Berlin, Heidelberg}},
  doi = {10.1007/978-3-642-16145-2_2},
  isbn = {978-3-642-16144-5 978-3-642-16145-2},
  langid = {english}
}

@inproceedings{demuthDesignSpaceInfrastructureMultiuser2015,
  title = {{{DesignSpace}}: An Infrastructure for Multi-User/Multi-Tool Engineering},
  shorttitle = {{{DesignSpace}}},
  booktitle = {Proceedings of the 30th {{Annual ACM Symposium}} on {{Applied Computing}}},
  author = {Demuth, Andreas and {Riedl-Ehrenleitner}, Markus and N{\"o}hrer, Alexander and Hehenberger, Peter and Zeman, Klaus and Egyed, Alexander},
  year = {2015},
  month = apr,
  pages = {1486--1491},
  publisher = {{ACM}},
  address = {{Salamanca Spain}},
  doi = {10.1145/2695664.2695697},
  isbn = {978-1-4503-3196-8},
  langid = {english}
}

@article{dijkmanSemanticsAnalysisBusiness2008,
  title = {Semantics and Analysis of Business Process Models in {{BPMN}}},
  author = {Dijkman, Remco M. and Dumas, Marlon and Ouyang, Chun},
  year = {2008},
  month = nov,
  journal = {Information and Software Technology},
  volume = {50},
  number = {12},
  pages = {1281--1294},
  issn = {09505849},
  doi = {10.1016/j.infsof.2008.02.006},
  langid = {english}
}

@incollection{diskinIntermodelingQueriesKleisli2012,
  title = {Intermodeling, {{Queries}}, and {{Kleisli Categories}}},
  booktitle = {Fundamental {{Approaches}} to {{Software Engineering}}},
  author = {Diskin, Zinovy and Maibaum, Tom and Czarnecki, Krzysztof},
  editor = {Hutchison, David and Kanade, Takeo and Kittler, Josef and Kleinberg, Jon M. and Mattern, Friedemann and Mitchell, John C. and Naor, Moni and Nierstrasz, Oscar and Pandu Rangan, C. and Steffen, Bernhard and Sudan, Madhu and Terzopoulos, Demetri and Tygar, Doug and Vardi, Moshe Y. and Weikum, Gerhard and {de Lara}, Juan and Zisman, Andrea},
  year = {2012},
  volume = {7212},
  pages = {163--177},
  publisher = {{Springer Berlin Heidelberg}},
  address = {{Berlin, Heidelberg}},
  doi = {10.1007/978-3-642-28872-2_12},
  isbn = {978-3-642-28871-5 978-3-642-28872-2},
  langid = {english}
}

@incollection{diskinModelSynchronizationMappings2011,
  title = {Model {{Synchronization}}: {{Mappings}}, {{Tiles}}, and {{Categories}}},
  shorttitle = {Model {{Synchronization}}},
  booktitle = {Generative and {{Transformational Techniques}} in {{Software Engineering III}}},
  author = {Diskin, Zinovy},
  editor = {Fernandes, Jo{\~a}o M. and L{\"a}mmel, Ralf and Visser, Joost and Saraiva, Jo{\~a}o},
  year = {2011},
  volume = {6491},
  pages = {92--165},
  publisher = {{Springer Berlin Heidelberg}},
  address = {{Berlin, Heidelberg}},
  doi = {10.1007/978-3-642-18023-1_3},
  isbn = {978-3-642-18022-4 978-3-642-18023-1},
  langid = {english}
}

@article{diskinMultipleModelSynchronization2019,
  title = {Multiple Model Synchronization with Multiary Delta Lenses with Amendment {{andK-Putput}}},
  author = {Diskin, Zinovy and K{\"o}nig, Harald and Lawford, Mark},
  year = {2019},
  month = nov,
  journal = {Formal Aspects of Computing},
  volume = {31},
  number = {5},
  pages = {611--640},
  issn = {0934-5043, 1433-299X},
  doi = {10.1007/s00165-019-00493-0},
  langid = {english}
}

@incollection{domingoEvaluatingBenefitsModelDriven2020,
  title = {Evaluating the {{Benefits}} of {{Model-Driven Development}}: {{Empirical Evaluation Paper}}},
  shorttitle = {Evaluating the {{Benefits}} of {{Model-Driven Development}}},
  booktitle = {Advanced {{Information Systems Engineering}}},
  author = {Domingo, {\'A}frica and Echeverr{\'i}a, Jorge and Pastor, {\'O}scar and Cetina, Carlos},
  editor = {Dustdar, Schahram and Yu, Eric and Salinesi, Camille and Rieu, Dominique and Pant, Vik},
  year = {2020},
  volume = {12127},
  pages = {353--367},
  publisher = {{Springer International Publishing}},
  address = {{Cham}},
  doi = {10.1007/978-3-030-49435-3_22},
  isbn = {978-3-030-49434-6 978-3-030-49435-3},
  langid = {english}
}

@incollection{duranVerifyingTimedBPMN2017,
  title = {Verifying {{Timed BPMN Processes Using Maude}}},
  booktitle = {Coordination {{Models}} and {{Languages}}},
  author = {Dur{\'a}n, Francisco and Sala{\"u}n, Gwen},
  editor = {Jacquet, Jean-Marie and Massink, Mieke},
  year = {2017},
  volume = {10319},
  pages = {219--236},
  publisher = {{Springer International Publishing}},
  address = {{Cham}},
  doi = {10.1007/978-3-319-59746-1_12},
  isbn = {978-3-319-59745-4 978-3-319-59746-1},
  langid = {english}
}

@article{ecmfa,
  title = {Towards Behavioral Consistency in Multi-Modeling},
  author = {Kr{\"a}uter, Tim and K{\"o}nig, Harald and Rutle, Adrian and Lamo, Yngve and St{\"u}nkel, Patrick},
  year = {2022},
  journal = {Submitted for review to the 18th European Conference on Modelling Foundations and Applications},
  doi = {https://github.com/timKraeuter/ECMFA-2022},
  langid = {english}
}

@inproceedings{egyedFixingInconsistenciesUML2007,
  title = {Fixing {{Inconsistencies}} in {{UML Design Models}}},
  booktitle = {29th {{International Conference}} on {{Software Engineering}} ({{ICSE}}'07)},
  author = {Egyed, Alexander},
  year = {2007},
  month = may,
  pages = {292--301},
  publisher = {{IEEE}},
  address = {{Minneapolis, MN, USA}},
  issn = {0270-5257},
  doi = {10.1109/ICSE.2007.38},
  isbn = {978-0-7695-2828-1},
  langid = {english}
}

@article{egyedMaintainingConsistencyEngineering2018,
  title = {Maintaining {{Consistency}} across {{Engineering Artifacts}}},
  author = {Egyed, Alexander and Zeman, Klaus and Hehenberger, Peter and Demuth, Andreas},
  year = {2018},
  month = feb,
  journal = {Computer},
  volume = {51},
  number = {2},
  pages = {28--35},
  issn = {0018-9162},
  doi = {10.1109/MC.2018.1451666},
  langid = {english}
}

@inbook{ehrigALGEBRAICAPPROACHESGRAPH1997,
  title = {{{ALGEBRAIC APPROACHES TO GRAPH TRANSFORMATION}} \textendash{} {{PART II}}: {{SINGLE PUSHOUT APPROACH AND COMPARISON WITH DOUBLE PUSHOUT APPROACH}}},
  shorttitle = {{{ALGEBRAIC APPROACHES TO GRAPH TRANSFORMATION}} \textendash{} {{PART II}}},
  booktitle = {Handbook of {{Graph Grammars}} and {{Computing}} by {{Graph Transformation}}},
  author = {Ehrig, H. and Heckel, R. and Korff, M. and L{\"o}we, M. and Ribeiro, L. and Wagner, A. and Corradini, A.},
  year = {1997},
  month = feb,
  pages = {247--312},
  publisher = {{WORLD SCIENTIFIC}},
  doi = {10.1142/9789812384720_0004},
  collaborator = {Rozenberg, Grzegorz},
  isbn = {978-981-02-2884-2 978-981-238-472-0},
  langid = {english}
}

@book{ehrigFundamentalsAlgebraicGraph2006,
  title = {Fundamentals of Algebraic Graph Transformation (Monographs in Theoretical Computer Science. {{An EATCS}} Series)},
  author = {Ehrig, H. and Ehrig, K. and Prange, U. and Taentzer, G.},
  year = {2006},
  publisher = {{Springer-Verlag}},
  address = {{Berlin, Heidelberg}},
  isbn = {3-540-31187-4}
}

@incollection{ehrigGraphGrammarsPetri2004,
  title = {Graph {{Grammars}} and {{Petri Net Transformations}}},
  booktitle = {Lectures on {{Concurrency}} and {{Petri Nets}}},
  author = {Ehrig, Hartmut and Padberg, Julia},
  editor = {Kanade, Takeo and Kittler, Josef and Kleinberg, Jon M. and Mattern, Friedemann and Mitchell, John C. and Naor, Moni and Nierstrasz, Oscar and Pandu Rangan, C. and Steffen, Bernhard and Sudan, Madhu and Terzopoulos, Demetri and Tygar, Dough and Vardi, Moshe Y. and Weikum, Gerhard and Desel, J{\"o}rg and Reisig, Wolfgang and Rozenberg, Grzegorz},
  year = {2004},
  volume = {3098},
  pages = {496--536},
  publisher = {{Springer Berlin Heidelberg}},
  address = {{Berlin, Heidelberg}},
  doi = {10.1007/978-3-540-27755-2_14},
  isbn = {978-3-540-22261-3 978-3-540-27755-2}
}

@article{ekerMaudeLTLModel2004,
  title = {The {{Maude LTL Model Checker}}},
  author = {Eker, Steven and Meseguer, Jos{\'e} and Sridharanarayanan, Ambarish},
  year = {2004},
  month = apr,
  journal = {Electronic Notes in Theoretical Computer Science},
  volume = {71},
  pages = {162--187},
  issn = {15710661},
  doi = {10.1016/S1571-0661(05)82534-4},
  langid = {english}
}

@article{ekerTamingHeterogeneityPtolemy2003,
  title = {Taming Heterogeneity - the {{Ptolemy}} Approach},
  author = {Eker, J. and Janneck, J.W. and Lee, E.A. and {Jie Liu} and {Xiaojun Liu} and Ludvig, J. and Neuendorffer, S. and Sachs, S. and {Yuhong Xiong}},
  year = {2003},
  month = jan,
  journal = {Proceedings of the IEEE},
  volume = {91},
  number = {1},
  pages = {127--144},
  issn = {0018-9219},
  doi = {10.1109/JPROC.2002.805829},
  langid = {english}
}

@inproceedings{elhamlaouiAlignmentViewpointHeterogeneous2016,
  title = {Alignment of Viewpoint Heterogeneous Design Models: {{Emergency}} Department Case Study},
  booktitle = {4th International Workshop on the Globalization of Modeling Languages ({{GEMOC}} 2016) Co-Located with {{ACM}}/{{IEEE MODELS}} 2016},
  author = {El Hamlaoui, Mahmoud and Coulette, Bernard and Ebersold, Sophie and Bennani, Saloua and Nassar, Mahmoud and Anwar, Adil and Beugnard, Antoine and Bach, Jean-Christophe and Jamoussi, Yassine and Tran, Hanh Nhi},
  year = {2016},
  month = oct,
  pages = {pp. 18-27},
  address = {{Saint-Malo, France}},
  hal_id = {hal-01436169},
  hal_local_reference = {17278},
  hal_version = {v1},
  pdf = {https://hal.archives-ouvertes.fr/hal-01436169/file/elhamlaoui{$_1$}7254.pdf},
  keywords = {Correspondences,Heterogeneous meta-models,Partial models,Refinement mechanism,Semantic expression}
}

@article{elhamlaouiModelDrivenApproachAlign2021,
  title = {A {{Model-Driven Approach}} to Align {{Heterogeneous Models}} of a {{Complex System}}.},
  author = {El Hamlaoui, Mahmoud and Ebersold, Sophie and Bennani, Saloua and Anwar, Adil and Dkaki, Taoufiq and Nassar, Mahmoud and Coulette, Bernard},
  year = {2021},
  journal = {The Journal of Object Technology},
  volume = {20},
  number = {2},
  pages = {2:1},
  issn = {1660-1769},
  doi = {10.5381/jot.2021.20.2.a2},
  langid = {english}
}

@inproceedings{ellisDynamicChangeWorkflow1995,
  title = {Dynamic Change within Workflow Systems},
  booktitle = {Proceedings of Conference on {{Organizational}} Computing Systems  - {{COCS}} '95},
  author = {Ellis, Clarence and Keddara, Karim and Rozenberg, Grzegorz},
  year = {1995},
  pages = {10--21},
  publisher = {{ACM Press}},
  address = {{Milpitas, California, United States}},
  doi = {10.1145/224019.224021},
  isbn = {978-0-89791-706-3},
  langid = {english}
}

@inproceedings{elmarzoukiStudyBehavioralStructural2016,
  title = {A Study of Behavioral and Structural Composition Methods and Techniques},
  booktitle = {2016 {{International Conference}} on {{Information Technology}} for {{Organizations Development}} ({{IT4OD}})},
  author = {Elmarzouki, Nisrine and Lakhrissi, Younes and Elmohajir, Mohammed},
  year = {2016},
  month = mar,
  pages = {1--6},
  publisher = {{IEEE}},
  address = {{Fez, Morocco}},
  doi = {10.1109/IT4OD.2016.7479254},
  isbn = {978-1-4673-7689-1},
  langid = {english}
}

@inproceedings{engelsConsistencyWorkbenchTool2003,
  title = {The Consistency Workbench: {{A}} Tool for Consistency Management in {{UML-Based}} Development},
  booktitle = {{{UML}}},
  author = {Engels, Gregor and Heckel, Reiko and K{\"u}ster, Jochen Malte},
  year = {2003}
}

@article{engelsConsistentInteractionSoftware2002,
  title = {Consistent Interaction of Software Components},
  author = {Engels, Gregor and K{\"u}uster, Jochen M. and Groenwegen, Luuk},
  year = {2002},
  month = dec,
  journal = {Journal of Integrated Design and Process Science},
  volume = {6},
  number = {4},
  pages = {2--22},
  publisher = {{IOS Press}},
  address = {{NLD}},
  issn = {1092-0617},
  issue_date = {December 2002}
}

@incollection{engelsDynamicMetaModeling2000,
  title = {Dynamic {{Meta Modeling}}: {{A Graphical Approach}} to the {{Operational Semantics}} of {{Behavioral Diagrams}} in {{UML}}},
  shorttitle = {Dynamic {{Meta Modeling}}},
  booktitle = {{$\ll$}{{UML}}{$\gg$} 2000 \textemdash{} {{The Unified Modeling Language}}},
  author = {Engels, Gregor and Hausmann, Jan Hendrik and Heckel, Reiko and Sauer, Stefan},
  editor = {Goos, Gerhard and Hartmanis, Juris and {van Leeuwen}, Jan and Evans, Andy and Kent, Stuart and Selic, Bran},
  year = {2000},
  volume = {1939},
  pages = {323--337},
  publisher = {{Springer Berlin Heidelberg}},
  address = {{Berlin, Heidelberg}},
  doi = {10.1007/3-540-40011-7_23},
  isbn = {978-3-540-41133-8 978-3-540-40011-0},
  langid = {english}
}

@article{engelsMethodologySpecifyingAnalyzing2001,
  title = {A Methodology for Specifying and Analyzing Consistency of Object-Oriented Behavioral Models},
  author = {Engels, Gregor and K{\"u}ster, Jochem M. and Heckel, Reiko and Groenewegen, Luuk},
  year = {2001},
  month = sep,
  journal = {ACM SIGSOFT Software Engineering Notes},
  volume = {26},
  number = {5},
  pages = {186--195},
  issn = {0163-5948},
  doi = {10.1145/503271.503235},
  langid = {english}
}

@inproceedings{engelsRulebasedSpecificationBehavioral2001,
  title = {Rule-Based Specification of Behavioral Consistency Based on the {{UML}} Meta-Model},
  author = {Engels, Gregor and Heckel, Reiko and K{\"u}ster, Jochen},
  year = {2001},
  month = oct,
  series = {{{LNCS}}},
  volume = {2185},
  pages = {272--286},
  doi = {10.1007/3-540-45441-1_21},
  isbn = {978-3-540-42667-7}
}

@incollection{eshuisSynthesizingObjectCentricModels2014,
  title = {Synthesizing {{Object-Centric Models}} from {{Business Process Models}}},
  booktitle = {Business {{Process Management Workshops}}},
  author = {Eshuis, Rik and Van Gorp, Pieter},
  editor = {Lohmann, Niels and Song, Minseok and Wohed, Petia},
  year = {2014},
  volume = {171},
  pages = {155--166},
  publisher = {{Springer International Publishing}},
  address = {{Cham}},
  doi = {10.1007/978-3-319-06257-0_13},
  isbn = {978-3-319-06256-3 978-3-319-06257-0},
  langid = {english}
}

@article{eshuisSynthesizingObjectLife2016,
  title = {Synthesizing Object Life Cycles from Business Process Models},
  author = {Eshuis, Rik and Van Gorp, Pieter},
  year = {2016},
  month = feb,
  journal = {Software \& Systems Modeling},
  volume = {15},
  number = {1},
  pages = {281--302},
  issn = {1619-1366, 1619-1374},
  doi = {10.1007/s10270-014-0406-4},
  langid = {english}
}

@article{fahlandAnalysisDemandInstantaneous2011,
  title = {Analysis on Demand: {{Instantaneous}} Soundness Checking of Industrial Business Process Models},
  shorttitle = {Analysis on Demand},
  author = {Fahland, Dirk and Favre, C{\'e}dric and Koehler, Jana and Lohmann, Niels and V{\"o}lzer, Hagen and Wolf, Karsten},
  year = {2011},
  month = may,
  journal = {Data \& Knowledge Engineering},
  volume = {70},
  number = {5},
  pages = {448--466},
  issn = {0169023X},
  doi = {10.1016/j.datak.2011.01.004},
  langid = {english}
}

@article{farzanPartialOrderReduction2007,
  title = {Partial {{Order Reduction}} for {{Rewriting Semantics}} of {{Programming Languages}}},
  author = {Farzan, Azadeh and Meseguer, Jos{\'e}},
  year = {2007},
  month = jul,
  journal = {Electronic Notes in Theoretical Computer Science},
  volume = {176},
  number = {4},
  pages = {61--78},
  issn = {15710661},
  doi = {10.1016/j.entcs.2007.06.008},
  langid = {english}
}

@article{feldmannManagingIntermodelInconsistencies2019,
  title = {Managing Inter-Model Inconsistencies in Model-Based Systems Engineering: {{Application}} in Automated Production Systems Engineering},
  shorttitle = {Managing Inter-Model Inconsistencies in Model-Based Systems Engineering},
  author = {Feldmann, S. and Kernschmidt, K. and Wimmer, M. and {Vogel-Heuser}, B.},
  year = {2019},
  month = jul,
  journal = {Journal of Systems and Software},
  volume = {153},
  pages = {105--134},
  issn = {01641212},
  doi = {10.1016/j.jss.2019.03.060},
  langid = {english}
}

@book{fiadeiroCategoriesSoftwareEngineering2005,
  title = {Categories for Software Engineering},
  author = {Fiadeiro, Jos{\'e} Luiz},
  year = {2005},
  publisher = {{Springer-Verlag}},
  address = {{Berlin}},
  isbn = {978-3-540-20909-6},
  langid = {english},
  lccn = {QA76.76.D47 F53 2005},
  keywords = {Categories (Mathematics),Computer software,Development}
}

@article{finkelsteinVIEWPOINTSFRAMEWORKINTEGRATING1992,
  title = {{{VIEWPOINTS}}: {{A FRAMEWORK FOR INTEGRATING MULTIPLE PERSPECTIVES IN SYSTEM DEVELOPMENT}}},
  shorttitle = {{{VIEWPOINTS}}},
  author = {Finkelstein, A. and Kramer, J. and Nuseibeh, B. and Finkelstein, L. and Goedicke, M.},
  year = {1992},
  month = mar,
  journal = {International Journal of Software Engineering and Knowledge Engineering},
  volume = {02},
  number = {01},
  pages = {31--57},
  issn = {0218-1940, 1793-6403},
  doi = {10.1142/S0218194092000038},
  langid = {english}
}

@article{forwardModeldrivenRapidPrototyping2012,
  title = {Model-Driven Rapid Prototyping with {{Umple}}: {{MODEL-DRIVEN RAPID PROTOTYPING WITH UMPLE}}},
  shorttitle = {Model-Driven Rapid Prototyping with {{Umple}}},
  author = {Forward, Andrew and Badreddin, Omar and Lethbridge, Timothy C. and Solano, Julian},
  year = {2012},
  month = jul,
  journal = {Software: Practice and Experience},
  volume = {42},
  number = {7},
  pages = {781--797},
  issn = {00380644},
  doi = {10.1002/spe.1155},
  langid = {english}
}

@book{fowlerAnalysisPatternsReusable1996,
  title = {Analysis Patterns: {{Reusable}} Objects Models},
  author = {Fowler, Martin},
  year = {1996},
  publisher = {{Addison-Wesley Longman Publishing Co., Inc.}},
  address = {{USA}},
  isbn = {0-201-89542-0}
}

@book{fowlerPatternsEnterpriseApplication2003,
  title = {Patterns of Enterprise Application Architecture},
  author = {Fowler, Martin},
  year = {2003},
  series = {The {{Addison-Wesley}} Signature Series},
  publisher = {{Addison-Wesley}},
  address = {{Boston}},
  isbn = {978-0-321-12742-6},
  langid = {english},
  lccn = {QA76.9.S88 F69 2003},
  keywords = {Application software,Business,Computer architecture,Data processing,Development,System design}
}

@book{fowlerRefactoringImprovingDesign2019,
  title = {Refactoring: Improving the Design of Existing Code},
  shorttitle = {Refactoring},
  author = {Fowler, Martin},
  year = {2019},
  series = {Addison-{{Wesley}} Signature Series},
  edition = {Second edition},
  publisher = {{Addison-Wesley}},
  address = {{Boston}},
  isbn = {978-0-13-475759-9},
  lccn = {QA76.758 .F682 2019},
  keywords = {Object-oriented programming (Computer science),Software reengineering},
  annotation = {OCLC: on1064139838}
}

@inproceedings{franceModeldrivenDevelopmentComplex2007,
  title = {Model-Driven {{Development}} of {{Complex Software}}: {{A Research Roadmap}}},
  shorttitle = {Model-Driven {{Development}} of {{Complex Software}}},
  booktitle = {Future of {{Software Engineering}} ({{FOSE}} '07)},
  author = {France, Robert and Rumpe, Bernhard},
  year = {2007},
  month = may,
  pages = {37--54},
  publisher = {{IEEE}},
  address = {{Minneapolis, MN, USA}},
  doi = {10.1109/FOSE.2007.14},
  isbn = {978-0-7695-2829-8},
  langid = {english}
}

@book{freundRealLifeBPMNUsing2019,
  title = {Real-{{Life BPMN}}: Using {{BPMN}} and {{DMN}} to Analyze, Improve, and Automate Processes in Your Company},
  shorttitle = {Real-{{Life BPMN}}},
  author = {Freund, Jakob and R{\"u}cker, Bernd},
  translator = {Venis, James and Hannum, Kristen and Venis, Jalynn},
  year = {2019},
  edition = {4th edition},
  publisher = {{Camunda}},
  address = {{Berlin}},
  isbn = {978-1-08-630209-7},
  langid = {english}
}

@phdthesis{fuchsErschliessungDomanenubergreifenderInformationsraume2015,
  title = {{Erschlie\ss ung dom\"anen\"ubergreifender Informationsr\"aume mit Multimodellen: = Access of cross-domain information spaces using multi-models}},
  shorttitle = {{Erschlie\ss ung dom\"anen\"ubergreifender Informationsr\"aume mit Multimodellen}},
  author = {Fuchs, Sebastian},
  year = {2015},
  address = {{Dresden}},
  langid = {german},
  school = {Inst. f\"ur Bauinformatik, Fak. Bauingenieurwesen, TU Dresden}
}

@article{gadducciGraphRewritingPcalculus2007,
  title = {Graph Rewriting for the {$\pi$}-Calculus},
  author = {Gadducci, Fabio},
  year = {2007},
  journal = {Mathematical Structures in Computer Science},
  volume = {17},
  number = {3},
  pages = {407--437},
  publisher = {{Cambridge University Press}},
  doi = {10.1017/S096012950700610X}
}

@book{gammaDesignPatternsElements1994,
  title = {Design {{Patterns}} : {{Elements}} of {{Reusable Object-Oriented Software}}},
  author = {Gamma, Erich and Helm, Richard and Johnson, Ralph and Vlissides, John},
  year = {1994},
  langid = {english}
}

@book{gammaDesignPatternsElements1995,
  title = {Design Patterns: {{Elements}} of Reusable Object-Oriented Software},
  author = {Gamma, Erich and Helm, Richard and Johnson, Ralph and Vlissides, John},
  year = {1995},
  publisher = {{Addison-Wesley Longman Publishing Co., Inc.}},
  address = {{USA}},
  isbn = {0-201-63361-2}
}

@inproceedings{garroFormalCyberPhysical2016,
  title = {On Formal Cyber Physical System Properties Modeling: {{A}} New Temporal Logic Language and a {{Modelica-based}} Solution},
  shorttitle = {On Formal Cyber Physical System Properties Modeling},
  booktitle = {2016 {{IEEE International Symposium}} on {{Systems Engineering}} ({{ISSE}})},
  author = {Garro, Alfredo and Tundis, Andrea and Bouskela, Daniel and Jardin, Audrey and Thuy, Nguyen and Otter, Martin and Buffoni, Lena and Fritzson, Peter and Sjolund, Martin and Schamai, Wladimir and Olsson, Hans},
  year = {2016},
  month = oct,
  pages = {1--8},
  publisher = {{IEEE}},
  address = {{Edinburgh, United Kingdom}},
  doi = {10.1109/SysEng.2016.7753137},
  isbn = {978-1-5090-0793-6},
  langid = {english}
}

@inproceedings{geigerEvolutionBPMNSupport2016,
  title = {On the {{Evolution}} of {{BPMN}} 2.0 {{Support}} and {{Implementation}}},
  booktitle = {2016 {{IEEE Symposium}} on {{Service-Oriented System Engineering}} ({{SOSE}})},
  author = {Geiger, Matthias and Harrer, Simon and Lenhard, Jorg and Wirtz, Guido},
  year = {2016},
  month = mar,
  pages = {101--110},
  publisher = {{IEEE}},
  address = {{Oxford}},
  doi = {10.1109/SOSE.2016.39},
  isbn = {978-1-5090-2253-3},
  langid = {english}
}

@inproceedings{gestwickiInteractiveVisualizationJava2002,
  title = {Interactive Visualization of {{Java}} Programs},
  booktitle = {Proceedings {{IEEE}} 2002 Symposia on Human Centric Computing Languages and Environments},
  author = {Gestwicki, P. and Jayaraman, B.},
  year = {2002},
  pages = {226--235},
  doi = {10.1109/HCC.2002.1046375}
}

@article{ghamarianModellingAnalysisUsing2012,
  title = {Modelling and Analysis Using {{GROOVE}}},
  author = {Ghamarian, Amir Hossein and {de Mol}, Maarten and Rensink, Arend and Zambon, Eduardo and Zimakova, Maria},
  year = {2012},
  month = feb,
  journal = {International Journal on Software Tools for Technology Transfer},
  volume = {14},
  number = {1},
  pages = {15--40},
  issn = {1433-2779, 1433-2787},
  doi = {10.1007/s10009-011-0186-x},
  langid = {english}
}

@book{gibbonsBidirectionalTransformations2018,
  title = {Bidirectional {{Transformations}}},
  editor = {Gibbons, Jeremy and Stevens, Perdita},
  year = {2018},
  series = {Lecture {{Notes}} in {{Computer Science}}},
  volume = {9715},
  publisher = {{Springer International Publishing}},
  address = {{Cham}},
  doi = {10.1007/978-3-319-79108-1},
  isbn = {978-3-319-79107-4 978-3-319-79108-1},
  langid = {english}
}

@article{giraultHierarchicalFiniteState1999,
  title = {Hierarchical Finite State Machines with Multiple Concurrency Models},
  author = {Girault, A. and {Bilung Lee} and Lee, E.A.},
  year = {1999},
  month = jun,
  journal = {IEEE Transactions on Computer-Aided Design of Integrated Circuits and Systems},
  volume = {18},
  number = {6},
  pages = {742--760},
  issn = {02780070},
  doi = {10.1109/43.766725},
  langid = {english}
}

@incollection{gleitzeFindingUniversalExecution2021,
  title = {Finding a {{Universal Execution Strategy}} for {{Model Transformation Networks}}},
  booktitle = {Fundamental {{Approaches}} to {{Software Engineering}}},
  author = {Gleitze, Joshua and Klare, Heiko and Burger, Erik},
  editor = {Guerra, Esther and Stoelinga, Mari{\"e}lle},
  year = {2021},
  volume = {12649},
  pages = {87--107},
  publisher = {{Springer International Publishing}},
  address = {{Cham}},
  doi = {10.1007/978-3-030-71500-7_5},
  isbn = {978-3-030-71499-4 978-3-030-71500-7},
  langid = {english}
}

@inproceedings{gogollaApplicationModelsFilmstrip2014,
  title = {From Application Models to Filmstrip Models: {{An}} Approach to Automatic Validation of Model Dynamics},
  booktitle = {Modellierung 2014},
  author = {Gogolla, Martin and Hamann, Lars and Hilken, Frank and Kuhlmann, Mirco and France, Robert},
  editor = {Fill, Hans-Georg and Karagiannis, Dimitris and Reimer, Ulrich},
  year = {2014},
  pages = {273--288},
  publisher = {{Gesellschaft f\"ur Informatik e.V.}},
  address = {{Bonn}}
}

@article{gorlaUnifiedApproachEncodability2010,
  title = {Towards a Unified Approach to Encodability and Separation Results for Process Calculi},
  author = {Gorla, Daniele},
  year = {2010},
  month = sep,
  journal = {Information and Computation},
  volume = {208},
  number = {9},
  pages = {1031--1053},
  issn = {08905401},
  doi = {10.1016/j.ic.2010.05.002},
  langid = {english}
}

@article{gotterbarnSoftwareEngineeringCode1997,
  title = {Software Engineering Code of Ethics},
  author = {Gotterbarn, Don and Miller, Keith and Rogerson, Simon},
  year = {1997},
  month = nov,
  journal = {Communications of the ACM},
  volume = {40},
  number = {11},
  pages = {110--118},
  issn = {0001-0782},
  doi = {10.1145/265684.265699}
}

@incollection{gotterbarnSoftwareEngineeringEthics2002,
  title = {Software {{Engineering Ethics}}},
  booktitle = {Encyclopedia of {{Software Engineering}}},
  author = {Gotterbarn, Donald},
  year = {2002},
  publisher = {{John Wiley \& Sons, Ltd}},
  doi = {10.1002/0471028959.sof314},
  isbn = {978-0-471-02895-6},
  langid = {english},
  keywords = {discipline,ethics,model,principles,professional ethics},
  annotation = {\_eprint: https://onlinelibrary.wiley.com/doi/pdf/10.1002/0471028959.sof314}
}

@article{gronerSurveyRelevancePerformance2021,
  title = {A {{Survey}} on the {{Relevance}} of the {{Performance}} of {{Model Transformations}}.},
  author = {Groner, Raffaela and Juhnke, Katharina and G{\"o}tz, Stefan and Tichy, Matthias and Becker{\textdagger}, Steffen and Vijayshree, Vijayshree and Frank, Sebastian},
  year = {2021},
  journal = {The Journal of Object Technology},
  volume = {20},
  number = {2},
  pages = {1},
  issn = {1660-1769},
  doi = {10.5381/jot.2021.20.2.a5},
  langid = {english}
}

@article{gronmoUMLSequenceDiagrams2011,
  title = {From {{UML}} 2 {{Sequence Diagrams}} to {{State Machines}} by {{Graph Transformation}}.},
  author = {Gr{\o}nmo, Roy and {M{\o}ller-Pedersen}, Birger},
  year = {2011},
  journal = {The Journal of Object Technology},
  volume = {10},
  pages = {8:1},
  issn = {1660-1769},
  doi = {10.5381/jot.2011.10.1.a8},
  langid = {english}
}

@inproceedings{grosse-rhodeAlgebraTransformationSystems1998,
  title = {Algebra Transformation Systems and Their Composition},
  booktitle = {Fundamental Approaches to Software Engineering},
  author = {{Gro{\ss}e-Rhode}, Martin},
  editor = {Astesiano, Egidio},
  year = {1998},
  pages = {107--122},
  publisher = {{Springer Berlin Heidelberg}},
  address = {{Berlin, Heidelberg}},
  isbn = {978-3-540-69723-7}
}

@article{gruhnPatternsTimedProperty2006,
  title = {Patterns for {{Timed Property Specifications}}},
  author = {Gruhn, Volker and Laue, Ralf},
  year = {2006},
  month = may,
  journal = {Electronic Notes in Theoretical Computer Science},
  volume = {153},
  number = {2},
  pages = {117--133},
  issn = {15710661},
  doi = {10.1016/j.entcs.2005.10.035},
  langid = {english}
}

@book{guerraGraphTransformation12th2019,
  title = {Graph {{Transformation}}: 12th {{International Conference}}, {{ICGT}} 2019, {{Held}} as {{Part}} of {{STAF}} 2019, {{Eindhoven}}, {{The Netherlands}}, {{July}} 15\textendash 16, 2019, {{Proceedings}}},
  shorttitle = {Graph {{Transformation}}},
  editor = {Guerra, Esther and Orejas, Fernando},
  year = {2019},
  series = {Lecture {{Notes}} in {{Computer Science}}},
  volume = {11629},
  publisher = {{Springer International Publishing}},
  address = {{Cham}},
  doi = {10.1007/978-3-030-23611-3},
  isbn = {978-3-030-23610-6 978-3-030-23611-3},
  langid = {english}
}

@article{gummUniversalCoalgebraIntroductory,
  title = {Universal {{Coalgebra}} - {{An Introductory Tutorial}}},
  author = {Gumm, H Peter},
  journal = {Fuzzy Systems},
  pages = {367},
  langid = {english}
}

@incollection{habelAdhesiveTransformationSystems2012,
  title = {M, {{N}} -{{Adhesive Transformation Systems}}},
  booktitle = {Graph {{Transformations}}},
  author = {Habel, Annegret and Plump, Detlef},
  editor = {Hutchison, David and Kanade, Takeo and Kittler, Josef and Kleinberg, Jon M. and Mattern, Friedemann and Mitchell, John C. and Naor, Moni and Nierstrasz, Oscar and Pandu Rangan, C. and Steffen, Bernhard and Sudan, Madhu and Terzopoulos, Demetri and Tygar, Doug and Vardi, Moshe Y. and Weikum, Gerhard and Ehrig, Hartmut and Engels, Gregor and Kreowski, Hans-J{\"o}rg and Rozenberg, Grzegorz},
  year = {2012},
  volume = {7562},
  pages = {218--233},
  publisher = {{Springer Berlin Heidelberg}},
  address = {{Berlin, Heidelberg}},
  doi = {10.1007/978-3-642-33654-6_15},
  isbn = {978-3-642-33653-9 978-3-642-33654-6}
}

@incollection{habelComputationalCompletenessProgramming2001,
  title = {Computational {{Completeness}} of {{Programming Languages Based}} on {{Graph Transformation}}},
  booktitle = {Foundations of {{Software Science}} and {{Computation Structures}}},
  author = {Habel, Annegret and Plump, Detlef},
  editor = {Goos, Gerhard and Hartmanis, Juris and {van Leeuwen}, Jan and Honsell, Furio and Miculan, Marino},
  year = {2001},
  volume = {2030},
  pages = {230--245},
  publisher = {{Springer Berlin Heidelberg}},
  address = {{Berlin, Heidelberg}},
  doi = {10.1007/3-540-45315-6_15},
  isbn = {978-3-540-41864-1 978-3-540-45315-4}
}

@inproceedings{hansonSimpleExtensibleGraphical1997,
  title = {A Simple and Extensible Graphical Debugger},
  booktitle = {Proceedings of the Annual Conference on {{USENIX}} Annual Technical Conference},
  author = {Hanson, David R. and Korn, Jeffrey L.},
  year = {1997},
  series = {{{ATEC}} '97},
  pages = {13},
  publisher = {{USENIX Association}},
  address = {{USA}}
}

@book{harariHomoDeusBrief2016,
  title = {Homo {{Deus}}: A Brief History of Tomorrow},
  shorttitle = {Homo {{Deus}}},
  author = {Harari, Yuval Noa{\d h}},
  year = {2016},
  series = {Vintage {{Popular}} Science},
  publisher = {{Harvill Secker}},
  address = {{London}},
  isbn = {978-1-910701-87-4 978-1-910701-88-1},
  langid = {english}
}

@book{harelComeLetPlay2003,
  title = {Come, {{Let}}'s {{Play}}},
  author = {Harel, David and Marelly, Rami},
  year = {2003},
  publisher = {{Springer Berlin Heidelberg}},
  address = {{Berlin, Heidelberg}},
  doi = {10.1007/978-3-642-19029-2},
  isbn = {978-3-642-62416-2 978-3-642-19029-2},
  langid = {english}
}

@inproceedings{harelExecutableObjectModeling1996,
  title = {Executable Object Modeling with Statecharts},
  booktitle = {Proceedings of the 18th International Conference on Software Engineering},
  author = {Harel, David and Gery, Eran},
  year = {1996},
  series = {{{ICSE}} '96},
  pages = {246--257},
  publisher = {{IEEE Computer Society}},
  address = {{USA}},
  isbn = {0-8186-7246-3},
  keywords = {active objects,C++,diagrammatic languages,direct invocation,executable object modeling,hierarchical OMT-like language,integrated set,multiple-thread concurrency,O-charts,object-oriented languages,object-oriented programming,object-oriented systems,software tools,statecharts}
}

@article{harelPlayinPlayoutApproach,
  title = {The {{Play-in}}/{{Play-out Approach}} and {{Tool}}: {{Specifying}} and {{Executing Behavioral Requirements}}},
  author = {Harel, David and Kugler, Hillel and Marelly, Rami},
  pages = {5},
  langid = {english}
}

@inproceedings{harrandThingMLLanguageCode2016,
  title = {{{ThingML}}: A Language and Code Generation Framework for Heterogeneous Targets},
  shorttitle = {{{ThingML}}},
  booktitle = {Proceedings of the {{ACM}}/{{IEEE}} 19th {{International Conference}} on {{Model Driven Engineering Languages}} and {{Systems}}},
  author = {Harrand, Nicolas and Fleurey, Franck and Morin, Brice and Husa, Knut Eilif},
  year = {2016},
  month = oct,
  pages = {125--135},
  publisher = {{ACM}},
  address = {{Saint-malo France}},
  doi = {10.1145/2976767.2976812},
  isbn = {978-1-4503-4321-3},
  langid = {english}
}

@book{heckelGraphTransformationSoftware2020,
  title = {Graph {{Transformation}} for {{Software Engineers}}: {{With Applications}} to {{Model-Based Development}} and {{Domain-Specific Language Engineering}}},
  shorttitle = {Graph {{Transformation}} for {{Software Engineers}}},
  author = {Heckel, Reiko and Taentzer, Gabriele},
  year = {2020},
  publisher = {{Springer International Publishing}},
  address = {{Cham}},
  doi = {10.1007/978-3-030-43916-3},
  isbn = {978-3-030-43915-6 978-3-030-43916-3},
  langid = {english}
}

@book{heckelGraphTransformationSpecifications2018,
  title = {Graph {{Transformation}}, {{Specifications}}, and {{Nets}}: {{In Memory}} of {{Hartmut Ehrig}}},
  shorttitle = {Graph {{Transformation}}, {{Specifications}}, and {{Nets}}},
  editor = {Heckel, Reiko and Taentzer, Gabriele},
  year = {2018},
  series = {Lecture {{Notes}} in {{Computer Science}}},
  volume = {10800},
  publisher = {{Springer International Publishing}},
  address = {{Cham}},
  doi = {10.1007/978-3-319-75396-6},
  isbn = {978-3-319-75395-9 978-3-319-75396-6},
  langid = {english}
}

@article{heckmanSystematicLiteratureReview2011,
  title = {A Systematic Literature Review of Actionable Alert Identification Techniques for Automated Static Code Analysis},
  author = {Heckman, Sarah and Williams, Laurie},
  year = {2011},
  month = apr,
  journal = {Information and Software Technology},
  volume = {53},
  number = {4},
  pages = {363--387},
  issn = {09505849},
  doi = {10.1016/j.infsof.2010.12.007},
  langid = {english}
}

@article{hermannsPerformanceEvaluationProcess,
  title = {Performance {{Evaluation}} := ({{Process Algebra}} + {{Model Checking}}) \texttimes{} {{Markov Chains}}},
  author = {Hermanns, Holger and Katoen, Joost-Pieter},
  pages = {23},
  langid = {english}
}

@article{hevnerDesignScienceInformation2004,
  title = {Design Science in Information Systems Research},
  author = {Hevner, Alan R. and March, Salvatore T. and Park, Jinsoo and Ram, Sudha},
  year = {2004},
  journal = {MIS Quarterly},
  volume = {28},
  number = {1},
  pages = {75--105},
  bibsource = {dblp computer science bibliography, https://dblp.org},
  biburl = {https://dblp.org/rec/journals/misq/HevnerMPR04.bib},
  timestamp = {Fri, 15 May 2020 17:12:47 +0200}
}

@article{hevnerThreeCycleView2007,
  title = {A {{Three Cycle View}} of {{Design Science Research}}.},
  author = {Hevner, Alan R.},
  year = {2007},
  journal = {Scandinavian Journal of Information Systems},
  volume = {19},
  number = {2},
  pages = {4},
  bibsource = {dblp computer science bibliography, https://dblp.org},
  biburl = {https://dblp.org/rec/journals/sjis/Hevner07.bib},
  timestamp = {Mon, 02 Mar 2020 16:32:38 +0100}
}

@inproceedings{hilkenCatalogStructuralBehavioral2016,
  title = {Towards a Catalog of Structural and Behavioral Verification Tasks for {{UML}}/{{OCL}} Models},
  booktitle = {Modellierung},
  author = {Hilken, Frank and Niemann, P. and Gogolla, M. and Wille, R.},
  year = {2016}
}

@incollection{hilkenFilmstrippingUnrollingComparison2014,
  title = {Filmstripping and {{Unrolling}}: {{A Comparison}} of {{Verification Approaches}} for {{UML}} and {{OCL Behavioral Models}}},
  shorttitle = {Filmstripping and {{Unrolling}}},
  booktitle = {Tests and {{Proofs}}},
  author = {Hilken, Frank and Niemann, Philipp and Gogolla, Martin and Wille, Robert},
  editor = {Hutchison, David and Kanade, Takeo and Kittler, Josef and Kleinberg, Jon M. and Kobsa, Alfred and Mattern, Friedemann and Mitchell, John C. and Naor, Moni and Nierstrasz, Oscar and Pandu Rangan, C. and Steffen, Bernhard and Terzopoulos, Demetri and Tygar, Doug and Weikum, Gerhard and Seidl, Martina and Tillmann, Nikolai},
  year = {2014},
  volume = {8570},
  pages = {99--116},
  publisher = {{Springer International Publishing}},
  address = {{Cham}},
  doi = {10.1007/978-3-319-09099-3_8},
  isbn = {978-3-319-09098-6 978-3-319-09099-3}
}

@article{hinkelChangePropagationBidirectionality2019,
  title = {Change Propagation and Bidirectionality in Internal Transformation {{DSLs}}},
  author = {Hinkel, Georg and Burger, Erik},
  year = {2019},
  month = feb,
  journal = {Software \& Systems Modeling},
  volume = {18},
  number = {1},
  pages = {249--278},
  issn = {1619-1366, 1619-1374},
  doi = {10.1007/s10270-017-0617-6},
  langid = {english}
}

@book{hohpeEnterpriseIntegrationPatterns2004,
  title = {Enterprise Integration Patterns: Designing, Building, and Deploying Messaging Solutions},
  shorttitle = {Enterprise Integration Patterns},
  author = {Hohpe, Gregor and Woolf, Bobby},
  year = {2004},
  series = {The {{Addison-Wesley}} Signature Series},
  publisher = {{Addison-Wesley}},
  address = {{Boston}},
  isbn = {978-0-321-20068-6},
  lccn = {TK5102.5 .H5882 2004},
  keywords = {Management information systems,Message processing,Telecommunication},
  annotation = {OCLC: ocm52901145}
}

@article{holzmannModelCheckerSPIN1997,
  title = {The Model Checker {{SPIN}}},
  author = {Holzmann, G.J.},
  year = {1997},
  month = may,
  journal = {IEEE Transactions on Software Engineering},
  volume = {23},
  number = {5},
  pages = {279--295},
  issn = {00985589},
  doi = {10.1109/32.588521},
  langid = {english}
}

@inproceedings{houhouFirstOrderLogicSemantics2019,
  title = {A {{First-Order Logic Semantics}} for {{Communication-Parametric BPMN Collaborations}}},
  booktitle = {Business {{Process Management}}},
  author = {Houhou, Sara and Baarir, Souheib and Poizat, Pascal and Qu{\'e}innec, Philippe},
  editor = {Hildebrandt, Thomas and {van Dongen}, Boudewijn F. and R{\"o}glinger, Maximilian and Mendling, Jan},
  year = {2019},
  pages = {52--68},
  publisher = {{Springer International Publishing}},
  address = {{Cham}},
  doi = {10.1007/978-3-030-26619-6_6},
  isbn = {978-3-030-26619-6},
  langid = {english}
}

@article{houhouFirstOrderLogicVerification2022,
  title = {A {{First-Order Logic}} Verification Framework for Communication-Parametric and Time-Aware {{BPMN}} Collaborations},
  author = {Houhou, Sara and Baarir, Souheib and Poizat, Pascal and Qu{\'e}innec, Philippe and Kahloul, La{\"i}d},
  year = {2022},
  month = feb,
  journal = {Information Systems},
  volume = {104},
  pages = {101765},
  issn = {03064379},
  doi = {10.1016/j.is.2021.101765},
  langid = {english}
}

@incollection{huzarConsistencyProblemsUMLBased2005,
  title = {Consistency {{Problems}} in {{UML-Based Software Development}}},
  booktitle = {{{UML Modeling Languages}} and {{Applications}}},
  author = {Huzar, Zbigniew and Kuzniarz, Ludwik and Reggio, Gianna and Sourrouille, Jean Louis},
  editor = {Hutchison, David and Kanade, Takeo and Kittler, Josef and Kleinberg, Jon M. and Mattern, Friedemann and Mitchell, John C. and Naor, Moni and Nierstrasz, Oscar and Pandu Rangan, C. and Steffen, Bernhard and Sudan, Madhu and Terzopoulos, Demetri and Tygar, Dough and Vardi, Moshe Y. and Weikum, Gerhard and Jardim Nunes, Nuno and Selic, Bran and {Rodrigues da Silva}, Alberto and Toval Alvarez, Ambrosio},
  year = {2005},
  volume = {3297},
  pages = {1--12},
  publisher = {{Springer Berlin Heidelberg}},
  address = {{Berlin, Heidelberg}},
  doi = {10.1007/978-3-540-31797-5_1},
  isbn = {978-3-540-25081-4 978-3-540-31797-5},
  langid = {english}
}

@inproceedings{idaniMeeduseToolBuild2020,
  title = {Meeduse: {{A}} Tool to Build and Run Proved {{DSLs}}},
  booktitle = {Integrated Formal Methods},
  author = {Idani, Akram},
  editor = {Dongol, Brijesh and Troubitsyna, Elena},
  year = {2020},
  pages = {349--367},
  publisher = {{Springer International Publishing}},
  address = {{Cham}},
  isbn = {978-3-030-63461-2}
}

@article{InstitutNationalRecherche1992,
  title = {{Institut national de recherche en informatique et en automatique}},
  year = {1992},
  month = dec,
  journal = {Bulletin of Sociological Methodology/Bulletin de M\'ethodologie Sociologique},
  volume = {37},
  number = {1},
  pages = {55--57},
  issn = {0759-1063, 2070-2779},
  doi = {10.1177/075910639203700105},
  langid = {french}
}

@misc{IntroductionCoAlgebra,
  title = {An Introduction to (Co)Algebra and (Co)Induction}
}

@inproceedings{iqbalTimeSemanticsExecutable2020,
  title = {Time Semantics of Executable Activity Diagrams for Relativized Conformance Testing},
  booktitle = {Proceedings of the 23rd {{ACM}}/{{IEEE International Conference}} on {{Model Driven Engineering Languages}} and {{Systems}}: {{Companion Proceedings}}},
  author = {Iqbal, Junaid and Truscan, Dragos and Vain, J{\"u}ri},
  year = {2020},
  month = oct,
  pages = {1--6},
  publisher = {{ACM}},
  address = {{Virtual Event Canada}},
  doi = {10.1145/3417990.3421399},
  isbn = {978-1-4503-8135-2},
  langid = {english}
}

@book{jacksonSoftwareAbstractionsLogic2012,
  title = {Software Abstractions: Logic, Language, and Analysis},
  shorttitle = {Software Abstractions},
  author = {Jackson, Daniel},
  year = {2012},
  edition = {Rev. ed},
  publisher = {{MIT Press}},
  address = {{Cambridge, Mass}},
  isbn = {978-0-262-01715-2},
  langid = {english},
  lccn = {QA76.76.D47 J29 2012},
  keywords = {Computer software,Development},
  annotation = {OCLC: ocn741354892}
}

@inproceedings{jacobsInteractiveVisualDebugging2003,
  title = {Interactive Visual Debugging with {{UML}}},
  booktitle = {Proceedings of the 2003 {{ACM}} Symposium on {{Software}} Visualization  - {{SoftVis}} '03},
  author = {Jacobs, Timothy and Musial, Benjamin},
  year = {2003},
  pages = {115},
  publisher = {{ACM Press}},
  address = {{San Diego, California}},
  doi = {10.1145/774833.774850},
  isbn = {978-1-58113-642-5},
  langid = {english}
}

@book{jacobsIntroductionCoalgebraMathematics2017,
  title = {Introduction to {{Coalgebra}}: {{Towards Mathematics}} of {{States}} and {{Observation}}},
  shorttitle = {Introduction to {{Coalgebra}}},
  author = {Jacobs, Bart},
  year = {2017},
  publisher = {{Cambridge University Press}},
  address = {{Cambridge}},
  doi = {10.1017/CBO9781316823187},
  isbn = {978-1-316-82318-7},
  langid = {english}
}

@misc{JavaVisualizerIntelliJ,
  title = {Java {{Visualizer}} - {{IntelliJ IDEs Plugin}} | {{Marketplace}}},
  journal = {JetBrains Marketplace},
  howpublished = {https://plugins.jetbrains.com/plugin/11512-java-visualizer}
}

@article{jayaramanCompactVisualizationJava2017,
  title = {Compact Visualization of {{Java}} Program Execution},
  shorttitle = {Compact Visualization of {{Java}} Program Execution},
  author = {Jayaraman, S. and Jayaraman, B. and Lessa, D.},
  year = {2017},
  month = feb,
  journal = {Software: Practice and Experience},
  volume = {47},
  number = {2},
  pages = {163--191},
  issn = {00380644},
  doi = {10.1002/spe.2411},
  langid = {english}
}

@inproceedings{jepsenEventCoordinationNotation2015,
  title = {The Event Coordination Notation: {{Behaviour}} Modelling beyond Mickey Mouse},
  booktitle = {Behavior Modeling \textendash{} Foundations and Applications},
  author = {Jepsen, Jesper and Kindler, Ekkart},
  editor = {Roubtsova, Ella and McNeile, Ashley and Kindler, Ekkart and Gerth, Christian},
  year = {2015},
  pages = {133--164},
  publisher = {{Springer International Publishing}},
  address = {{Cham}},
  isbn = {978-3-319-21912-7}
}

@techreport{jerdingUsingVisualizationFoster1994,
  title = {Using Visualization to Foster Object-Oriented Program Understanding},
  author = {Jerding, Dean F. and Stasko, John T.},
  year = {1994},
  institution = {{Georgia Institute of Technology}}
}

@misc{JIVEJavaInteractive,
  title = {{{JIVE}}: {{Java Interactive Visualization Environment}}},
  howpublished = {https://cse.buffalo.edu/jive/}
}

@article{johnsonUnifyingSetBasedDeltaBased,
  title = {Unifying {{Set-Based}}, {{Delta-Based}} and {{Edit-Based Lenses}}},
  author = {Johnson, Michael},
  pages = {13},
  langid = {english}
}

@misc{JVMEcosystemReport2021,
  title = {{{JVM Ecosystem Report}} 2021 | {{Snyk}}},
  year = {2021},
  month = jun,
  howpublished = {https://snyk.io/jvm-ecosystem-report-2021/},
  langid = {american}
}

@article{k.p.FiniteStateModel2021,
  title = {Finite-state Model Extraction and Visualization from {{Java}} Program Execution},
  author = {K. P., Jevitha and Jayaraman, Swaminathan and Jayaraman, Bharat and M, Sethumadhavan},
  year = {2021},
  month = feb,
  journal = {Software: Practice and Experience},
  volume = {51},
  number = {2},
  pages = {409--437},
  issn = {0038-0644, 1097-024X},
  doi = {10.1002/spe.2910},
  langid = {english}
}

@article{kahaniSynthesisStateMachine2020,
  title = {Synthesis of {{State Machine Models}}},
  author = {Kahani, Nafiseh and Bagherzadeh, Mojtaba and Cordy, James R},
  year = {2020},
  pages = {11},
  langid = {english}
}

@inproceedings{kastenbergModelCheckingDynamic2006,
  title = {Model Checking Dynamic States in {{GROOVE}}},
  booktitle = {Model Checking Software},
  author = {Kastenberg, Harmen and Rensink, Arend},
  editor = {Valmari, Antti},
  year = {2006},
  pages = {299--305},
  publisher = {{Springer Berlin Heidelberg}},
  address = {{Berlin, Heidelberg}},
  isbn = {978-3-540-33103-2}
}

@article{kerkoucheUMLColoredPetri2010,
  title = {A {{UML}} and {{Colored Petri Nets Integrated Modeling}} and {{Analysis Approach}} Using {{Graph Transformation}}.},
  author = {Kerkouche, Elhillali and Chaoui, Algeria Allaoua and Bourennane, El Bay and Labbani, Ouassila},
  year = {2010},
  journal = {The Journal of Object Technology},
  volume = {9},
  number = {4},
  pages = {25},
  issn = {1660-1769},
  doi = {10.5381/jot.2010.9.4.a2},
  langid = {english}
}

@inproceedings{kherboucheUsingModelChecking2013,
  title = {Using Model Checking to Control the Structural Errors in {{BPMN}} Models},
  booktitle = {{{IEEE}} 7th {{International Conference}} on {{Research Challenges}} in {{Information Science}} ({{RCIS}})},
  author = {Kherbouche, Oussama Mohammed and Ahmad, Adeel and Basson, Henri},
  year = {2013},
  month = may,
  pages = {1--12},
  publisher = {{IEEE}},
  address = {{Paris, France}},
  doi = {10.1109/RCIS.2013.6577723},
  isbn = {978-1-4673-2914-9 978-1-4673-2912-5},
  langid = {english}
}

@article{kienzleUnifyingFrameworkHomogeneous2019,
  title = {A Unifying Framework for Homogeneous Model Composition},
  author = {Kienzle, J{\"o}rg and Mussbacher, Gunter and Combemale, Benoit and Deantoni, Julien},
  year = {2019},
  month = oct,
  journal = {Software \& Systems Modeling},
  volume = {18},
  number = {5},
  pages = {3005--3023},
  issn = {1619-1366, 1619-1374},
  doi = {10.1007/s10270-018-00707-8},
  langid = {english}
}

@inproceedings{kindlerCoordinatingInteractionsEvent2014,
  title = {Coordinating Interactions: {{The}} Event Coordination Notation},
  author = {Kindler, E.},
  year = {2014}
}

@inproceedings{kindlerIntegratingBehaviourSoftware2011,
  title = {Integrating Behaviour in Software Models: An Event Coordination Notation -- Concepts and Prototype},
  shorttitle = {Integrating Behaviour in Software Models},
  booktitle = {Proceedings of the {{Third Workshop}} on {{Behavioural Modelling}} - {{BM-FA}} '11},
  author = {Kindler, Ekkart},
  year = {2011},
  pages = {41--48},
  publisher = {{ACM Press}},
  address = {{Birmingham, United Kingdom}},
  doi = {10.1145/1993956.1993962},
  isbn = {978-1-4503-0617-1},
  langid = {english}
}

@incollection{kindlerModelBasedSoftwareEngineering2009,
  title = {Model-{{Based Software Engineering}} and {{Process-Aware Information Systems}}},
  booktitle = {Transactions on {{Petri Nets}} and {{Other Models}} of {{Concurrency II}}},
  author = {Kindler, Ekkart},
  editor = {Jensen, Kurt and {van der Aalst}, Wil M. P.},
  year = {2009},
  volume = {5460},
  pages = {27--45},
  publisher = {{Springer Berlin Heidelberg}},
  address = {{Berlin, Heidelberg}},
  doi = {10.1007/978-3-642-00899-3_2},
  isbn = {978-3-642-00898-6 978-3-642-00899-3}
}

@inproceedings{kindlerModelbasedSoftwareEngineering2010,
  title = {Model-Based Software Engineering: The Challenges of Modelling Behaviour},
  shorttitle = {Model-Based Software Engineering},
  booktitle = {Proceedings of the {{Second International Workshop}} on {{Behaviour Modelling Foundation}} and {{Applications}} - {{BM-FA}} '10},
  author = {Kindler, Ekkart},
  year = {2010},
  pages = {1--8},
  publisher = {{ACM Press}},
  address = {{Paris, France}},
  doi = {10.1145/1811147.1811151},
  isbn = {978-1-60558-961-9},
  langid = {english}
}

@incollection{kindlerModellingLocalGlobal2012,
  title = {Modelling {{Local}} and {{Global Behaviour}}: {{Petri Nets}} and {{Event Coordination}}},
  shorttitle = {Modelling {{Local}} and {{Global Behaviour}}},
  booktitle = {Transactions on {{Petri Nets}} and {{Other Models}} of {{Concurrency VI}}},
  author = {Kindler, Ekkart},
  editor = {Hutchison, David and Kanade, Takeo and Kittler, Josef and Kleinberg, Jon M. and Mattern, Friedemann and Mitchell, John C. and Naor, Moni and Nierstrasz, Oscar and Pandu Rangan, C. and Steffen, Bernhard and Sudan, Madhu and Terzopoulos, Demetri and Tygar, Doug and Vardi, Moshe Y. and Weikum, Gerhard and Jensen, Kurt and {van der Aalst}, Wil M. and Ajmone Marsan, Marco and Franceschinis, Giuliana and Kleijn, Jetty and Kristensen, Lars Michael},
  year = {2012},
  volume = {7400},
  pages = {71--93},
  publisher = {{Springer Berlin Heidelberg}},
  address = {{Berlin, Heidelberg}},
  doi = {10.1007/978-3-642-35179-2_4},
  isbn = {978-3-642-35178-5 978-3-642-35179-2}
}

@misc{kitchenhamGuidelinesPerformingSystematic2007,
  title = {Guidelines for Performing Systematic Literature Reviews in Software Engineering},
  author = {Kitchenham, B. and Charters, S},
  year = {2007}
}

@article{kitchenhamSystematicLiteratureReviews2009,
  title = {Systematic Literature Reviews in Software Engineering \textendash{} {{A}} Systematic Literature Review},
  author = {Kitchenham, Barbara and Pearl Brereton, O. and Budgen, David and Turner, Mark and Bailey, John and Linkman, Stephen},
  year = {2009},
  month = jan,
  journal = {Information and Software Technology},
  volume = {51},
  number = {1},
  pages = {7--15},
  issn = {09505849},
  doi = {10.1016/j.infsof.2008.09.009},
  langid = {english}
}

@inproceedings{klareCommonalitiesPreservingConsistency2019,
  title = {Commonalities for {{Preserving Consistency}} of {{Multiple Models}}},
  booktitle = {2019 {{ACM}}/{{IEEE}} 22nd {{International Conference}} on {{Model Driven Engineering Languages}} and {{Systems Companion}} ({{MODELS-C}})},
  author = {Klare, Heiko and Gleitze, Joshua},
  year = {2019},
  month = sep,
  pages = {371--378},
  publisher = {{IEEE}},
  address = {{Munich, Germany}},
  doi = {10.1109/MODELS-C.2019.00058},
  isbn = {978-1-72815-125-0},
  langid = {english}
}

@misc{kluteHOWYOUCAN2017,
  title = {{{HOW YOU CAN MODEL YOUR SOFTWARE USING STATE MACHINES}}},
  author = {Klute, Rainer},
  year = {2017},
  langid = {english}
}

@incollection{knappMultiviewConsistencyUML2018,
  title = {Multi-View {{Consistency}} in {{UML}}: {{A Survey}}},
  shorttitle = {Multi-View {{Consistency}} in {{UML}}},
  booktitle = {Graph {{Transformation}}, {{Specifications}}, and {{Nets}}},
  author = {Knapp, Alexander and Mossakowski, Till},
  editor = {Heckel, Reiko and Taentzer, Gabriele},
  year = {2018},
  volume = {10800},
  pages = {37--60},
  publisher = {{Springer International Publishing}},
  address = {{Cham}},
  doi = {10.1007/978-3-319-75396-6_3},
  isbn = {978-3-319-75395-9 978-3-319-75396-6}
}

@inproceedings{kochGraphicalDebuggingDistributed2015,
  title = {Graphical Debugging of Distributed Applications - Using {{UML}} Object Diagrams to Visualize the State of Distributed Applications at Runtime},
  booktitle = {Proceedings of the 3rd International Conference on Model-Driven Engineering and Software Development},
  author = {Koch, Andreas and Z{\"u}ndorf, Albert},
  year = {2015},
  series = {{{MODELSWARD}} 2015},
  pages = {223--230},
  publisher = {{SCITEPRESS - Science and Technology Publications, Lda}},
  address = {{Setubal, PRT}},
  doi = {10.5220/0005233202230230},
  isbn = {978-989-758-083-3},
  keywords = {Debug,Distributed,Eclipse,Objectdiagram,Tool,UML2}
}

@article{kollingBlueJSystemIts2003,
  title = {The {{BlueJ}} System and Its Pedagogy},
  author = {K{\"o}lling, Michael and Quig, Bruce and Patterson, Andrew and {John Rosenberg}},
  year = {2003},
  journal = {Computer Science Education},
  volume = {13},
  number = {4},
  eprint = {https://doi.org/10.1076/csed.13.4.249.17496},
  pages = {249--268},
  publisher = {{Routledge}},
  doi = {10.1076/csed.13.4.249.17496}
}

@inproceedings{kollingObjectorientedProgramDevelopment1996,
  title = {An Object-Oriented Program Development Environment for the First Programming Course},
  booktitle = {Proceedings of the Twenty-Seventh {{SIGCSE}} Technical Symposium on Computer Science Education},
  author = {K{\"o}lling, Michael and Rosenberg, John},
  year = {1996},
  series = {{{SIGCSE}} '96},
  pages = {83--87},
  publisher = {{Association for Computing Machinery}},
  address = {{New York, NY, USA}},
  doi = {10.1145/236452.236514},
  isbn = {0-89791-757-X}
}

@inproceedings{kolovosDifferentModelsModel2009,
  title = {Different Models for Model Matching: {{An}} Analysis of Approaches to Support Model Differencing},
  shorttitle = {Different Models for Model Matching},
  booktitle = {2009 {{ICSE Workshop}} on {{Comparison}} and {{Versioning}} of {{Software Models}}},
  author = {Kolovos, Dimitrios S. and Di Ruscio, Davide and Pierantonio, Alfonso and Paige, Richard F.},
  year = {2009},
  month = may,
  pages = {1--6},
  publisher = {{IEEE}},
  address = {{Vancouver, BC, Canada}},
  doi = {10.1109/CVSM.2009.5071714},
  isbn = {978-1-4244-3714-6},
  langid = {english}
}

@article{kongSpecifyingBehavioralSemantics2009,
  title = {Specifying Behavioral Semantics of {{UML}} Diagrams through Graph Transformations},
  author = {Kong, Jun and Zhang, Kang and Dong, Jing and Xu, Dianxiang},
  year = {2009},
  month = feb,
  journal = {Journal of Systems and Software},
  volume = {82},
  number = {2},
  pages = {292--306},
  issn = {01641212},
  doi = {10.1016/j.jss.2008.06.030},
  langid = {english}
}

@article{konigDynamicChangeProcess2009,
  title = {Dynamic Change in Process Management Systems},
  author = {K{\"o}nig, Harald},
  year = {2009},
  month = aug,
  journal = {Forschungsberichet der FHDW Hannover},
  volume = {2009},
  pages = {1--20}
}

@inproceedings{konigGraphRewritingSemantics2000,
  title = {A Graph Rewriting Semantics for the Polyadic Calculus},
  booktitle = {{{ICALP}} Workshops 2000, Proceedings of the Satelite Workshops of the 27th International Colloquium on Automata, Languages and Programming, Geneva, Switzerland, July 9-15, 2000},
  author = {K{\"o}nig, Barbara},
  editor = {Rolim, Jos{\'e} D. P. and Broder, Andrei Z. and Corradini, Andrea and Gorrieri, Roberto and Heckel, Reiko and Hromkovic, Juraj and Vaccaro, Ugo and Wells, J. B.},
  year = {2000},
  pages = {451--458},
  publisher = {{Carleton Scientific, Waterloo, Ontario, Canada}},
  bibsource = {dblp computer science bibliography, https://dblp.org},
  biburl = {https://dblp.org/rec/conf/icalp/Konig00a.bib},
  timestamp = {Sat, 04 Apr 2020 17:15:23 +0200}
}

@inproceedings{konigSinglePushoutRewriting2020,
  title = {Single {{Pushout Rewriting}} in {{Comprehensive Systems}}},
  booktitle = {Graph {{Transformation}}},
  author = {K{\"o}nig, Harald and St{\"u}nkel, Patrick},
  editor = {Gadducci, Fabio and Kehrer, Timo},
  year = {2020},
  series = {Lecture {{Notes}} in {{Computer Science}}},
  pages = {91--108},
  publisher = {{Springer International Publishing}},
  address = {{Cham}},
  doi = {10.1007/978-3-030-51372-6_6},
  isbn = {978-3-030-51372-6},
  langid = {english},
  keywords = {Category theory,Comprehensive system,Hereditary pushout,Partial morphism,Single Pushout Rewriting,Upper adjoint}
}

@article{konigWellstructuredGraphTransformation2017,
  title = {Well-Structured Graph Transformation Systems},
  author = {K{\"o}nig, Barbara and St{\"u}ckrath, Jan},
  year = {2017},
  month = feb,
  journal = {Information and Computation},
  volume = {252},
  pages = {71--94},
  issn = {08905401},
  doi = {10.1016/j.ic.2016.03.005},
  langid = {english}
}

@article{kouznetsovaUsingBlueJBlackjack2007,
  title = {Using {{BlueJ}} and Blackjack to Teach Object-Oriented Design Concepts in {{CS1}}},
  author = {Kouznetsova, Svetlana},
  year = {2007},
  month = apr,
  journal = {J. Comput. Sci. Coll.},
  volume = {22},
  number = {4},
  pages = {49--55},
  publisher = {{Consortium for Computing Sciences in Colleges}},
  address = {{Evansville, IN, USA}},
  issn = {1937-4771},
  issue_date = {April 2007}
}

@inproceedings{krauterBehavioralConsistencyHeterogeneous2021,
  title = {Towards Behavioral Consistency in Heterogeneous Modeling Scenarios},
  booktitle = {2021 {{ACM}}/{{IEEE}} International Conference on Model Driven Engineering Languages and Systems Companion ({{MODELS-C}})},
  author = {Kr{\"a}uter, Tim},
  year = {2021},
  pages = {666--671},
  doi = {10.1109/MODELS-C53483.2021.00107}
}

@misc{krauterBehavioralConsistencyMultimodeling2022,
  title = {Towards Behavioral Consistency in Multi-Modeling - {{Artifacts}}},
  author = {Kr{\"a}uter, Tim},
  year = {2022},
  month = sep,
  journal = {GitHub},
  howpublished = {https://github.com/timKraeuter/Towards-behavioral-consistency-in-multi-modeling},
  langid = {english}
}

@article{krauterEntwicklungSemantikZur,
  title = {{Entwicklung einer Semantik zur Ausf\"uhrung von Produktionsabl\"aufen f\"ur das Produktionsmanagement in der POSY-OutputFactory der SET GmbH}},
  author = {Kr{\"a}uter, Tim},
  pages = {95},
  langid = {ngerman}
}

@article{krauterIntegratingBehavioralModels,
  title = {Integrating Behavioral Models into Multi Modelling},
  author = {Kr{\"a}uter, Tim},
  pages = {13},
  langid = {english}
}

@article{krauterRoleDefectsPhotoconversion2022,
  title = {The Role of Defects in the Photoconversion of 2-Propanol on Rutile Titania: {{Operando}} Spectroscopy Combined with Elementary Studies},
  shorttitle = {The Role of Defects in the Photoconversion of 2-Propanol on Rutile Titania},
  author = {Kr{\"a}uter, Jessica and Franz, Evanie and Waidhas, Fabian and Brummel, Olaf and {J\"org Libuda} and {Al-Shamery}, Katharina},
  year = {2022},
  month = feb,
  journal = {Journal of Catalysis},
  volume = {406},
  pages = {134--144},
  issn = {00219517},
  doi = {10.1016/j.jcat.2021.12.025},
  langid = {english}
}

@misc{krauterVisualDebuggerIntelliJ2022,
  title = {Visual {{Debugger IntelliJ Plugin Source}}},
  author = {Kr{\"a}uter, Tim},
  year = {2022},
  month = feb,
  copyright = {GPL-3.0},
  howpublished = {https://github.com/timKraeuter/VisualDebugger}
}

@article{kuechlerTheoryDevelopmentDesign2008,
  title = {On Theory Development in Design Science Research: Anatomy of a Research Project},
  shorttitle = {On Theory Development in Design Science Research},
  author = {Kuechler, Bill and Vaishnavi, Vijay},
  year = {2008},
  month = oct,
  journal = {European Journal of Information Systems},
  volume = {17},
  number = {5},
  pages = {489--504},
  issn = {0960-085X, 1476-9344},
  doi = {10.1057/ejis.2008.40},
  langid = {english}
}

@incollection{kuglerTemporalLogicScenarioBased2005,
  title = {Temporal {{Logic}} for {{Scenario-Based Specifications}}},
  booktitle = {Tools and {{Algorithms}} for the {{Construction}} and {{Analysis}} of {{Systems}}},
  author = {Kugler, Hillel and Harel, David and Pnueli, Amir and Lu, Yuan and Bontemps, Yves},
  editor = {Hutchison, David and Kanade, Takeo and Kittler, Josef and Kleinberg, Jon M. and Mattern, Friedemann and Mitchell, John C. and Naor, Moni and Nierstrasz, Oscar and Pandu Rangan, C. and Steffen, Bernhard and Sudan, Madhu and Terzopoulos, Demetri and Tygar, Dough and Vardi, Moshe Y. and Weikum, Gerhard and Halbwachs, Nicolas and Zuck, Lenore D.},
  year = {2005},
  volume = {3440},
  pages = {445--460},
  publisher = {{Springer Berlin Heidelberg}},
  address = {{Berlin, Heidelberg}},
  doi = {10.1007/978-3-540-31980-1_29},
  isbn = {978-3-540-25333-4 978-3-540-31980-1},
  langid = {english}
}

@article{kuhneMattersMetaModeling2006,
  title = {Matters of ({{Meta-}}) {{Modeling}}},
  author = {K{\"u}hne, Thomas},
  year = {2006},
  month = nov,
  journal = {Software \& Systems Modeling},
  volume = {5},
  number = {4},
  pages = {369--385},
  issn = {1619-1366, 1619-1374},
  doi = {10.1007/s10270-006-0017-9},
  langid = {english}
}

@book{kunzeBehaviouralModelsModelling2016,
  title = {Behavioural Models: From Modelling Finite Automata to Analysing Business Processes},
  shorttitle = {Behavioural Models},
  author = {Kunze, Matthias and Weske, Mathias},
  year = {2016},
  publisher = {{Springer}},
  address = {{Cham}},
  isbn = {978-3-319-44960-9 978-3-319-44958-6},
  langid = {english},
  annotation = {OCLC: 964659270}
}

@inproceedings{kuskeFormalSemanticsUML2001,
  title = {A Formal Semantics of {{UML}} State Machines Based on Structured Graph Transformation},
  booktitle = {{$\ll$}{{UML}}{$\gg$} 2001 \textemdash{} {{The}} Unified Modeling Language. {{Modeling}} Languages, Concepts, and Tools},
  author = {Kuske, Sabine},
  editor = {Gogolla, Martin and Kobryn, Cris},
  year = {2001},
  pages = {241--256},
  publisher = {{Springer Berlin Heidelberg}},
  address = {{Berlin, Heidelberg}},
  isbn = {978-3-540-45441-0}
}

@article{kuskeIntegratedGraphbasedSemantics2009,
  title = {Towards an Integrated Graph-Based Semantics for {{UML}}},
  author = {Kuske, Sabine and Gogolla, Martin and Kreowski, Hans-J{\"o}rg and Ziemann, Paul},
  year = {2009},
  month = jul,
  journal = {Software \& Systems Modeling},
  volume = {8},
  number = {3},
  pages = {403--422},
  issn = {1619-1366, 1619-1374},
  doi = {10.1007/s10270-008-0101-4},
  langid = {english}
}

@incollection{kusterConsistencyManagementModelBased2004,
  title = {Consistency {{Management}} within {{Model-Based Object-Oriented Development}} of {{Components}}},
  booktitle = {Formal {{Methods}} for {{Components}} and {{Objects}}},
  author = {K{\"u}ster, Jochen M. and Engels, Gregor},
  editor = {{de Boer}, Frank S. and Bonsangue, Marcello M. and Graf, Susanne and {de Roever}, Willem-Paul},
  year = {2004},
  volume = {3188},
  pages = {157--176},
  publisher = {{Springer Berlin Heidelberg}},
  address = {{Berlin, Heidelberg}},
  doi = {10.1007/978-3-540-30101-1_7},
  isbn = {978-3-540-22942-1 978-3-540-30101-1},
  langid = {english}
}

@inproceedings{kusterExplicitBehavioralConsistency2003,
  title = {Towards Explicit Behavioral Consistency Concepts in the {{UML}}},
  booktitle = {Proceedings of 2nd {{ICSE}} Workshop on Scenarios and State Machines: {{Models}}, Algorithms, and Tools (Portland, {{USA}})},
  author = {K{\"u}ster, Jochen and Stehr, Jan},
  year = {2003}
}

@article{kusterInconsistencyHandlingObjectOriented2004,
  title = {Towards {{Inconsistency Handling}} of {{Object-Oriented Behavioral Models}}},
  author = {K{\"u}ster, Jochen M.},
  year = {2004},
  month = dec,
  journal = {Electronic Notes in Theoretical Computer Science},
  volume = {109},
  pages = {57--69},
  issn = {15710661},
  doi = {10.1016/j.entcs.2004.02.056},
  langid = {english}
}

@incollection{kwantesComplianceVerificationGlobal2015,
  title = {Towards {{Compliance Verification Between Global}} and {{Local Process Models}}},
  booktitle = {Graph {{Transformation}}},
  author = {Kwantes, Pieter M. and Van Gorp, Pieter and Kleijn, Jetty and Rensink, Arend},
  editor = {{Parisi-Presicce}, Francesco and Westfechtel, Bernhard},
  year = {2015},
  volume = {9151},
  pages = {221--236},
  publisher = {{Springer International Publishing}},
  address = {{Cham}},
  doi = {10.1007/978-3-319-21145-9_14},
  isbn = {978-3-319-21144-2 978-3-319-21145-9}
}

@incollection{lamConsistencyCheckingSequence2005,
  title = {Consistency {{Checking}} of {{Sequence Diagrams}} and {{Statechart Diagrams Using}} the {$\pi$}-{{Calculus}}},
  booktitle = {Integrated {{Formal Methods}}},
  author = {Lam, Vitus S. W. and Padget, Julian},
  editor = {Hutchison, David and Kanade, Takeo and Kittler, Josef and Kleinberg, Jon M. and Mattern, Friedemann and Mitchell, John C. and Naor, Moni and Nierstrasz, Oscar and Pandu Rangan, C. and Steffen, Bernhard and Sudan, Madhu and Terzopoulos, Demetri and Tygar, Dough and Vardi, Moshe Y. and Weikum, Gerhard and Romijn, Judi and Smith, Graeme and {van de Pol}, Jaco},
  year = {2005},
  volume = {3771},
  pages = {347--365},
  publisher = {{Springer Berlin Heidelberg}},
  address = {{Berlin, Heidelberg}},
  doi = {10.1007/11589976_20},
  isbn = {978-3-540-30492-0 978-3-540-32240-5},
  langid = {english}
}

@inproceedings{larsenModeldrivenBasedEnvironment2015,
  title = {A Model-Driven Based Environment for Automatic Model Coordination},
  author = {Larsen, M.E.V. and DeAntoni, J. and Combemale, B. and Mallet, F.},
  year = {2015},
  series = {{{CEUR Workshop Proceedings}}},
  volume = {1554},
  pages = {44--47},
  document_type = {Conference Paper},
  source = {Scopus}
}

@article{leblebiciInterModelConsistencyChecking,
  title = {Inter-{{Model Consistency Checking}} and {{Restoration}} with {{Triple Graph Grammars}}},
  author = {Leblebici, Erhan},
  pages = {185},
  langid = {english}
}

@article{ledecziComposingDomainspecificDesign2001,
  title = {Composing Domain-Specific Design Environments},
  author = {Ledeczi, A. and Bakay, A. and Maroti, M. and Volgyesi, P. and Nordstrom, G. and Sprinkle, J. and Karsai, G.},
  year = {Nov./2001},
  journal = {Computer},
  volume = {34},
  number = {11},
  pages = {44--51},
  issn = {00189162},
  doi = {10.1109/2.963443},
  langid = {english}
}

@inproceedings{leeDisciplinedHeterogeneousModeling2010,
  title = {Disciplined Heterogeneous Modeling},
  booktitle = {Proceedings of the 13th International Conference on Model Driven Engineering Languages and Systems: {{Part II}}},
  author = {Lee, Edward A.},
  year = {2010},
  series = {{{MODELS}}'10},
  pages = {273--287},
  publisher = {{Springer-Verlag}},
  address = {{Berlin, Heidelberg}},
  isbn = {3-642-16128-6}
}

@article{liCompositionAADLComponents2013,
  title = {Composition of {{AADL}} Components by Transformation to Interface Automata},
  author = {Li, J. and Zhao, J. and Sun, Q. and Huang, X. and Zhang, Y. and Zhang, T.},
  year = {2013},
  journal = {Communications in Computer and Information Science},
  volume = {320},
  pages = {522--529},
  doi = {10.1007/978-3-642-35795-4_66},
  document_type = {Conference Paper},
  source = {Scopus}
}

@article{linDSMDiffDifferentiationTool2007,
  title = {{{DSMDiff}}: A Differentiation Tool for Domain-Specific Models},
  shorttitle = {{{DSMDiff}}},
  author = {Lin, Yuehua and Gray, Jeff and Jouault, Fr{\'e}d{\'e}ric},
  year = {2007},
  month = aug,
  journal = {European Journal of Information Systems},
  volume = {16},
  number = {4},
  pages = {349--361},
  issn = {0960-085X, 1476-9344},
  doi = {10.1057/palgrave.ejis.3000685},
  langid = {english}
}

@inproceedings{liuFormalSemanticsComplete2013,
  title = {A Formal Semantics for Complete {{UML}} State Machines with Communications},
  booktitle = {Integrated Formal Methods},
  author = {Liu, Shuang and Liu, Yang and Andr{\'e}, {\'E}tienne and Choppy, Christine and Sun, Jun and Wadhwa, Bimlesh and Dong, Jin Song},
  editor = {Johnsen, Einar Broch and Petre, Luigia},
  year = {2013},
  pages = {331--346},
  publisher = {{Springer Berlin Heidelberg}},
  address = {{Berlin, Heidelberg}},
  isbn = {978-3-642-38613-8}
}

@inproceedings{lohrJANJavaAnimation2003,
  title = {{{JAN}} - {{Java}} Animation for Program Understanding},
  booktitle = {{{IEEE Symposium}} on {{Human Centric Computing Languages}} and {{Environments}}, 2003. {{Proceedings}}. 2003},
  author = {Lohr, K.-P. and Vratislavsky, A.},
  year = {2003},
  pages = {67--75},
  publisher = {{IEEE}},
  address = {{Auckland, New Zealand}},
  doi = {10.1109/HCC.2003.1260205},
  isbn = {978-0-7803-8225-1},
  langid = {english}
}

@article{loweAlgebraicApproachSinglepushout1993,
  title = {Algebraic Approach to Single-Pushout Graph Transformation},
  author = {L{\"o}we, Michael},
  year = {1993},
  month = mar,
  journal = {Theoretical Computer Science},
  volume = {109},
  number = {1-2},
  pages = {181--224},
  issn = {03043975},
  doi = {10.1016/0304-3975(93)90068-5},
  langid = {english}
}

@article{loweAlgebraicGraphTransformations2015,
  title = {Algebraic Graph Transformations with Inheritance and Abstraction},
  author = {L{\"o}we, Michael and K{\"o}nig, Harald and Schulz, Christoph and Schultchen, Marius},
  year = {2015},
  month = sep,
  journal = {Science of Computer Programming},
  volume = {107--108},
  pages = {2--18},
  issn = {01676423},
  doi = {10.1016/j.scico.2015.02.004},
  langid = {english}
}

@article{loweRefactoringInformationSystems2011,
  title = {Refactoring Information Systems: Association Folding and Unfolding},
  shorttitle = {Refactoring Information Systems},
  author = {L{\"o}we, Michael},
  year = {2011},
  month = aug,
  journal = {ACM SIGSOFT Software Engineering Notes},
  volume = {36},
  number = {4},
  pages = {1--7},
  issn = {0163-5948},
  doi = {10.1145/1988997.1989011},
  langid = {english}
}

@article{loweRefactoringInformationSystems2019,
  title = {Refactoring {{Information Systems}} - {{Association Folding}} and {{Unfolding Revisited}}},
  author = {L{\"o}we, Michael},
  year = {2019},
  month = nov
}

@article{lucasSystematicReviewUML2009,
  title = {A Systematic Review of {{UML}} Model Consistency Management},
  author = {Lucas, Francisco J. and Molina, Fernando and Toval, Ambrosio},
  year = {2009},
  month = dec,
  journal = {Information and Software Technology},
  volume = {51},
  number = {12},
  pages = {1631--1645},
  issn = {09505849},
  doi = {10.1016/j.infsof.2009.04.009},
  langid = {english}
}

@article{luReprogrammingRecoverYouthful2020,
  title = {Reprogramming to Recover Youthful Epigenetic Information and Restore Vision},
  author = {Lu, Yuancheng and Brommer, Benedikt and Tian, Xiao and Krishnan, Anitha and Meer, Margarita and Wang, Chen and Vera, Daniel L. and Zeng, Qiurui and Yu, Doudou and Bonkowski, Michael S. and Yang, Jae-Hyun and Zhou, Songlin and Hoffmann, Emma M. and Karg, Margarete M. and Schultz, Michael B. and Kane, Alice E. and Davidsohn, Noah and Korobkina, Ekaterina and Chwalek, Karolina and Rajman, Luis A. and Church, George M. and Hochedlinger, Konrad and Gladyshev, Vadim N. and Horvath, Steve and Levine, Morgan E. and {Gregory-Ksander}, Meredith S. and Ksander, Bruce R. and He, Zhigang and Sinclair, David A.},
  year = {2020},
  month = dec,
  journal = {Nature},
  volume = {588},
  number = {7836},
  pages = {124--129},
  publisher = {{Nature Publishing Group}},
  issn = {1476-4687},
  doi = {10.1038/s41586-020-2975-4},
  copyright = {2020 The Author(s), under exclusive licence to Springer Nature Limited},
  langid = {english},
  keywords = {Ageing,DNA methylation,Regeneration and repair in the nervous system,Reprogramming,Retina}
}

@article{macedoComposingLeastchangeLenses2013,
  title = {Composing {{Least-change Lenses}}},
  author = {Macedo, Nuno and Pacheco, Hugo and Cunha, Alcino and Oliveira, Jos{\'e} Nuno},
  year = {2013},
  month = sep,
  journal = {Electronic Communications of the EASST},
  pages = {Volume 57: Bidirectional Transformations 2013},
  publisher = {{European Association of Software Science and Technology}},
  doi = {10.14279/TUJ.ECEASST.57.868},
  langid = {english}
}

@article{macedoFeatureBasedClassificationModel2017,
  title = {A {{Feature-Based Classification}} of {{Model Repair Approaches}}},
  author = {Macedo, Nuno and Jorge, Tiago and Cunha, Alcino},
  year = {2017},
  month = jul,
  journal = {IEEE Transactions on Software Engineering},
  volume = {43},
  number = {7},
  pages = {615--640},
  issn = {0098-5589, 1939-3520},
  doi = {10.1109/TSE.2016.2620145},
  langid = {english}
}

@inproceedings{macedoModelRepairTransformation2013,
  title = {Model Repair and Transformation with {{Echo}}},
  booktitle = {2013 28th {{IEEE}}/{{ACM International Conference}} on {{Automated Software Engineering}} ({{ASE}})},
  author = {Macedo, Nuno and Guimaraes, Tiago and Cunha, Alcino},
  year = {2013},
  month = nov,
  pages = {694--697},
  publisher = {{IEEE}},
  address = {{Silicon Valley, CA, USA}},
  doi = {10.1109/ASE.2013.6693135},
  isbn = {978-1-4799-0215-6}
}

@article{macedoRelationalApproachBidirectional,
  title = {A {{Relational Approach}} to {{Bidirectional Transformation}}},
  author = {Macedo, Nuno},
  pages = {265},
  langid = {english}
}

@article{machadoRulebasedTransformationGraph2015,
  title = {Rule-Based Transformation of Graph Rewriting Rules: {{Towards}} Higher-Order Graph Grammars},
  shorttitle = {Rule-Based Transformation of Graph Rewriting Rules},
  author = {Machado, Rodrigo and Ribeiro, Leila and Heckel, Reiko},
  year = {2015},
  month = aug,
  journal = {Theoretical Computer Science},
  volume = {594},
  pages = {1--23},
  issn = {03043975},
  doi = {10.1016/j.tcs.2015.01.034},
  langid = {english}
}

@article{maciasMultilevelCoupledModel2019,
  title = {Multilevel Coupled Model Transformations for Precise and Reusable Definition of Model Behaviour},
  author = {Mac{\'i}as, Fernando and Wolter, Uwe and Rutle, Adrian and Dur{\'a}n, Francisco and {Rodriguez-Echeverria}, Roberto},
  year = {2019},
  month = aug,
  journal = {Journal of Logical and Algebraic Methods in Programming},
  volume = {106},
  pages = {167--195},
  issn = {23522208},
  doi = {10.1016/j.jlamp.2018.12.005},
  langid = {english}
}

@phdthesis{maciasMultilevelModellingDomainSpecific2019,
  title = {Multilevel {{Modelling}} and {{Domain-Specific Languages}}},
  author = {Mac{\'i}as, Fernando},
  year = {2019},
  langid = {english},
  school = {University of Oslo}
}

@book{maclaneCategoriesWorkingMathematician1998,
  title = {Categories for the Working Mathematician},
  author = {MacLane, Saunders},
  year = {1998},
  publisher = {{Springer-Verlag}},
  address = {{New York}},
  keywords = {CategoryTheory}
}

@article{marchDesignNaturalScience1995,
  title = {Design and Natural Science Research on Information Technology},
  author = {March, Salvatore T. and Smith, Gerald F.},
  year = {1995},
  journal = {Decision Support Systems},
  volume = {15},
  number = {4},
  pages = {251--266},
  issn = {0167-9236},
  doi = {10.1016/0167-9236(94)00041-2},
  keywords = {Design science,Information system research,Information technology,Natural science}
}

@inproceedings{mateescuQuantifyingParallelismBPMN2014,
  title = {Quantifying the Parallelism in {{BPMN}} Processes Using Model Checking},
  booktitle = {Proceedings of the 17th International {{ACM Sigsoft}} Symposium on {{Component-based}} Software Engineering - {{CBSE}} '14},
  author = {Mateescu, Radu and Sala{\"u}n, Gwen and Ye, Lina},
  year = {2014},
  pages = {159--168},
  publisher = {{ACM Press}},
  address = {{Marcq-en-Bareul, France}},
  doi = {10.1145/2602458.2602473},
  isbn = {978-1-4503-2577-6},
  langid = {english}
}

@inproceedings{mcneilePrincipleComprehensiveModelling2014,
  title = {The {{Principle}} of {{Comprehensive Modelling Applied}} to {{Data}} and {{Behaviour}}},
  booktitle = {Proceedings of the 2014 {{Workshop}} on {{Behaviour Modelling-Foundations}} and {{Applications}} - {{BM-FA}} '14},
  author = {McNeile, Ashley},
  year = {2014},
  pages = {1--5},
  publisher = {{ACM Press}},
  address = {{York, United Kingdom}},
  doi = {10.1145/2630768.2630773},
  isbn = {978-1-4503-2791-6},
  langid = {english}
}

@incollection{melingTutorialSummaryPaxos2013,
  title = {Tutorial {{Summary}}: {{Paxos Explained}} from {{Scratch}}},
  shorttitle = {Tutorial {{Summary}}},
  booktitle = {Principles of {{Distributed Systems}}},
  author = {Meling, Hein and Jehl, Leander},
  editor = {Hutchison, David and Kanade, Takeo and Kittler, Josef and Kleinberg, Jon M. and Mattern, Friedemann and Mitchell, John C. and Naor, Moni and Nierstrasz, Oscar and Pandu Rangan, C. and Steffen, Bernhard and Sudan, Madhu and Terzopoulos, Demetri and Tygar, Doug and Vardi, Moshe Y. and Weikum, Gerhard and Baldoni, Roberto and Nisse, Nicolas and {van Steen}, Maarten},
  year = {2013},
  volume = {8304},
  pages = {1--10},
  publisher = {{Springer International Publishing}},
  address = {{Cham}},
  doi = {10.1007/978-3-319-03850-6_1},
  isbn = {978-3-319-03849-0 978-3-319-03850-6},
  langid = {english}
}

@article{mendez-acunaLeveragingSoftwareProduct2016,
  title = {Leveraging {{Software Product Lines Engineering}} in the Development of External {{DSLs}}: {{A}} Systematic Literature Review},
  shorttitle = {Leveraging {{Software Product Lines Engineering}} in the Development of External {{DSLs}}},
  author = {{M{\'e}ndez-Acu{\~n}a}, David and Galindo, Jos{\'e} A. and Degueule, Thomas and Combemale, Beno{\^i}t and Baudry, Beno{\^i}t},
  year = {2016},
  month = nov,
  journal = {Computer Languages, Systems \& Structures},
  volume = {46},
  pages = {206--235},
  issn = {14778424},
  doi = {10.1016/j.cl.2016.09.004},
  langid = {english}
}

@inproceedings{mengCoalgebraicSemanticFramework2008,
  title = {A {{Coalgebraic Semantic Framework}} for {{Reasoning}} about {{UML Sequence Diagrams}}},
  booktitle = {2008 {{The Eighth International Conference}} on {{Quality Software}}},
  author = {Meng, Sun and Barbosa, Lu{\'i}s S.},
  year = {2008},
  month = aug,
  pages = {17--26},
  publisher = {{IEEE}},
  address = {{Oxford, United Kingdom}},
  doi = {10.1109/QSIC.2008.13},
  isbn = {978-0-7695-3312-4},
  langid = {english}
}

@article{mettlerUseExperimentsDesign2014,
  title = {On the {{Use}} of {{Experiments}} in {{Design Science Research}}: {{A Proposition}} of an {{Evaluation Framework}}},
  shorttitle = {On the {{Use}} of {{Experiments}} in {{Design Science Research}}},
  author = {Mettler, Tobias and Eurich, Markus and Winter, Robert},
  year = {2014},
  journal = {Communications of the Association for Information Systems},
  volume = {34},
  number = {10},
  issn = {15293181},
  doi = {10.17705/1CAIS.03410},
  langid = {english}
}

@article{micskeiManyMeaningsUML2011,
  title = {The Many Meanings of {{UML}} 2 {{Sequence Diagrams}}: A Survey},
  shorttitle = {The Many Meanings of {{UML}} 2 {{Sequence Diagrams}}},
  author = {Micskei, Zolt{\'a}n and Waeselynck, H{\'e}l{\`e}ne},
  year = {2011},
  month = oct,
  journal = {Software \& Systems Modeling},
  volume = {10},
  number = {4},
  pages = {489--514},
  issn = {1619-1366, 1619-1374},
  doi = {10.1007/s10270-010-0157-9},
  langid = {english}
}

@article{milewskiCategoryTheoryProgrammers2019,
  title = {Category {{Theory}} for {{Programmers}}},
  author = {Milewski, Bartosz},
  year = {2019},
  pages = {498},
  langid = {english}
}

@book{milnerCalculusCommunicatingSystems1980,
  title = {A Calculus of Communicating Systems},
  author = {Milner, Robin},
  year = {1980},
  series = {Lecture Notes in Computer Science},
  number = {92},
  publisher = {{Springer}},
  address = {{Berlin}},
  isbn = {978-3-540-10235-9 978-0-387-10235-1},
  langid = {english},
  annotation = {OCLC: 6649199}
}

@book{milnerCommunicatingMobileSystems2010,
  title = {Communicating and Mobile Systems: The Pi-Calculus},
  shorttitle = {Communicating and Mobile Systems},
  author = {Milner, Robin},
  year = {2010},
  edition = {7. print},
  publisher = {{Cambridge Univ. Press}},
  address = {{Cambridge}},
  isbn = {978-0-521-65869-0 978-0-521-64320-7},
  langid = {english},
  annotation = {OCLC: 844961838}
}

@article{misbhauddinUMLModelRefactoring2015,
  title = {{{UML}} Model Refactoring: A Systematic Literature Review},
  shorttitle = {{{UML}} Model Refactoring},
  author = {Misbhauddin, Mohammed and Alshayeb, Mohammad},
  year = {2015},
  month = feb,
  journal = {Empirical Software Engineering},
  volume = {20},
  number = {1},
  pages = {206--251},
  issn = {1382-3256, 1573-7616},
  doi = {10.1007/s10664-013-9283-7},
  langid = {english}
}

@unpublished{MITStateMachines,
  title = {{{MIT State}} Machines}
}

@incollection{mollerModelSynchronizationConcurrent2018,
  title = {Model {{Synchronization}} and {{Concurrent Simulation}} of {{Multiple Formalisms Based}} on {{Reference Nets}}},
  booktitle = {Transactions on {{Petri Nets}} and {{Other Models}} of {{Concurrency XIII}}},
  author = {M{\"o}ller, Pascale and Haustermann, Michael and Mosteller, David and Schmitz, Dennis},
  editor = {Koutny, Maciej and Kristensen, Lars Michael and Penczek, Wojciech},
  year = {2018},
  volume = {11090},
  pages = {93--115},
  publisher = {{Springer Berlin Heidelberg}},
  address = {{Berlin, Heidelberg}},
  doi = {10.1007/978-3-662-58381-4_5},
  isbn = {978-3-662-58380-7 978-3-662-58381-4}
}

@incollection{montanariHistoryDependentAutomataIntroduction2005,
  title = {History-{{Dependent Automata}}: {{An Introduction}}},
  shorttitle = {History-{{Dependent Automata}}},
  booktitle = {Formal {{Methods}} for {{Mobile Computing}}},
  author = {Montanari, Ugo and Pistore, Marco},
  editor = {Hutchison, David and Kanade, Takeo and Kittler, Josef and Kleinberg, Jon M. and Mattern, Friedemann and Mitchell, John C. and Naor, Moni and Nierstrasz, Oscar and Pandu Rangan, C. and Steffen, Bernhard and Sudan, Madhu and Terzopoulos, Demetri and Tygar, Dough and Vardi, Moshe Y. and Weikum, Gerhard and Bernardo, Marco and Bogliolo, Alessandro},
  year = {2005},
  volume = {3465},
  pages = {1--28},
  publisher = {{Springer Berlin Heidelberg}},
  address = {{Berlin, Heidelberg}},
  doi = {10.1007/11419822_1},
  isbn = {978-3-540-25697-7 978-3-540-32021-0},
  langid = {english}
}

@article{mossakowskiModularHeterogeneousLogical,
  title = {Modular and Heterogeneous Logical Theories in {{DOL}}},
  author = {Mossakowski, Till},
  journal = {Model theory},
  pages = {107},
  langid = {english}
}

@article{mukherjeaVisualDebuggingIntegrating1994,
  title = {Toward Visual Debugging: Integrating Algorithm Animation Capabilities within a Source-Level Debugger},
  shorttitle = {Toward Visual Debugging},
  author = {Mukherjea, Sougata and Stasko, John T.},
  year = {1994},
  month = sep,
  journal = {ACM Transactions on Computer-Human Interaction},
  volume = {1},
  number = {3},
  pages = {215--244},
  issn = {1073-0516, 1557-7325},
  doi = {10.1145/196699.196702},
  langid = {english}
}

@article{mukhiyaGraphQLApproachHealthcare2019,
  title = {A {{GraphQL}} Approach to {{Healthcare Information Exchange}} with {{HL7 FHIR}}},
  author = {Mukhiya, Suresh Kumar and Rabbi, Fazle and I Pun, Violet Ka and Rutle, Adrian and Lamo, Yngve},
  year = {2019},
  journal = {Procedia Computer Science},
  volume = {160},
  pages = {338--345},
  issn = {18770509},
  doi = {10.1016/j.procs.2019.11.082},
  langid = {english}
}

@article{munozModelingObjectsUncertain2021,
  title = {Modeling {{Objects}} with {{Uncertain Behaviors}}.},
  author = {Mu{\~n}oz, Paula and Karkhanis, Priyanka and {van den Brand}, Mark},
  year = {2021},
  journal = {The Journal of Object Technology},
  volume = {20},
  number = {3},
  pages = {8:1},
  issn = {1660-1769},
  doi = {10.5381/jot.2021.20.3.a8},
  langid = {english}
}

@article{muramSystematicReviewSoftware2017,
  title = {Systematic {{Review}} of {{Software Behavioral Model Consistency Checking}}},
  author = {ul Muram, Faiz and Tran, Huy and Zdun, Uwe},
  year = {2017},
  month = jun,
  journal = {ACM Computing Surveys},
  volume = {50},
  number = {2},
  pages = {1--39},
  issn = {0360-0300, 1557-7341},
  doi = {10.1145/3037755},
  langid = {english}
}

@article{narayananAlleviatingStatespaceExplosion,
  title = {Alleviating {{State-space Explosion}} in {{Component-based Systems}} with {{Distributed}}, {{Parallel Reachability Analysis Algorithm}}},
  author = {Narayanan, Vasumathi},
  pages = {16},
  langid = {english}
}

@misc{NorwegianNationalResearch2016,
  title = {The {{Norwegian National Research Ethics Committees}}. {{Guidelines}} for {{Research Ethics}} in {{Science}} and {{Technology}}},
  year = {2016}
}

@article{nwpt_2021_abstract,
  title = {Towards Heterogeneous Behavioral Model Composition},
  author = {Krauter, Tim and Rutle, Adrian and Lamo, Yngve},
  pages = {4},
  langid = {english}
}

@incollection{oberValidationUMLModels2004,
  title = {Validation of {{UML Models}} via a {{Mapping}} to {{Communicating Extended Timed Automata}}},
  booktitle = {Model {{Checking Software}}},
  author = {Ober, Iulian and Graf, Susanne and Ober, Ileana},
  editor = {Goos, Gerhard and Hartmanis, Juris and {van Leeuwen}, Jan and Graf, Susanne and Mounier, Laurent},
  year = {2004},
  volume = {2989},
  pages = {127--145},
  publisher = {{Springer Berlin Heidelberg}},
  address = {{Berlin, Heidelberg}},
  doi = {10.1007/978-3-540-24732-6_9},
  isbn = {978-3-540-21314-7 978-3-540-24732-6},
  langid = {english}
}

@misc{ObjectDiagramModeler2022,
  title = {Object Diagram Modeler},
  year = {2022},
  month = mar,
  copyright = {MIT},
  howpublished = {https://github.com/timKraeuter/object-diagram-modeler}
}

@misc{objectmanagementgroupBusinessProcessModel2013,
  title = {Business {{Process Model}} and {{Notation}} ({{BPMN}}), {{Version}} 2.0.2},
  author = {{Object Management Group}},
  year = {2013},
  month = dec,
  howpublished = {https://www.omg.org/spec/BPMN/},
  langid = {english}
}

@misc{objectmanagementgroupObjectConstraintLanguage2020,
  title = {About the {{Object Constraint Language Specification}}, {{Version}} 2.4},
  author = {{Object Management Group}},
  year = {2020},
  month = nov,
  howpublished = {https://www.omg.org/spec/OCL}
}

@misc{objectmanagementgroupOMGMetaObject2021,
  title = {{{OMG Meta Object Facility}} ({{MOF}}) {{Core Specification}} ,{{Version}} 2.5.1},
  author = {{Object Management Group}},
  year = {2021},
  month = sep,
  howpublished = {https://www.omg.org/spec/MOF}
}

@misc{objectmanagementgroupomgSemanticsFoundationalSubset2021,
  title = {Semantics of a {{Foundational Subset}} for {{Executable UML Models}} ({{fUML}}), {{Version}} 1.5},
  author = {{Object Management Group (OMG)}},
  year = {2021},
  month = sep,
  howpublished = {https://www.omg.org/spec/FUML},
  langid = {english}
}

@misc{objectmanagementgroupUnifiedModelingLanguage2017,
  title = {Unified {{Modeling Language}}, {{Version}} 2.5.1},
  author = {{Object Management Group}},
  year = {2017},
  month = dec,
  howpublished = {https://www.omg.org/spec/UML}
}

@article{odellDebuggingMindsetUnderstanding2017,
  title = {The {{Debugging Mindset}}: {{Understanding}} the {{Psychology}} of {{Learning Strategies Leads}} to {{Effective Problem-Solving Skills}}.},
  author = {O'Dell, Devon H.},
  year = {2017},
  month = feb,
  journal = {Queue},
  volume = {15},
  number = {1},
  pages = {71--90},
  publisher = {{Association for Computing Machinery}},
  address = {{New York, NY, USA}},
  issn = {1542-7730},
  doi = {10.1145/3055301.3068754}
}

@inproceedings{oechsleJAVAVISAutomaticProgram2002,
  title = {{{JAVAVIS}}: {{Automatic}} Program Visualization with Object and Sequence Diagrams Using the Java Debug Interface ({{JDI}})},
  booktitle = {Software Visualization},
  author = {Oechsle, Rainer and Schmitt, Thomas},
  editor = {Diehl, Stephan},
  year = {2002},
  pages = {176--190},
  publisher = {{Springer Berlin Heidelberg}},
  address = {{Berlin, Heidelberg}},
  isbn = {978-3-540-45875-3}
}

@book{olveczkyDesigningReliableDistributed2017,
  title = {Designing {{Reliable Distributed Systems}}},
  author = {{\"O}lveczky, Peter Csaba},
  year = {2017},
  series = {Undergraduate {{Topics}} in {{Computer Science}}},
  publisher = {{Springer London}},
  address = {{London}},
  doi = {10.1007/978-1-4471-6687-0},
  isbn = {978-1-4471-6686-3 978-1-4471-6687-0},
  langid = {english}
}

@article{olveczkySemanticsPragmaticsRealTime2007,
  title = {Semantics and Pragmatics of {{Real-Time Maude}}},
  author = {{\"O}lveczky, Peter and Meseguer, Jose},
  year = {2007},
  month = apr,
  journal = {Higher-Order and Symbolic Computation},
  volume = {20},
  pages = {161--196},
  doi = {10.1007/s10990-007-9001-5}
}

@article{panachnavarreteEvaluatingModelDrivenDevelopment2018,
  title = {Evaluating {{Model-Driven Development Claims}} with Respect to {{Quality}}: {{A Family}} of {{Experiments}}},
  shorttitle = {Evaluating {{Model-Driven Development Claims}} with Respect to {{Quality}}},
  author = {Panach Navarrete, Jose Ignacio and Dieste, Oscar and Marin, Beatriz and Espana, Sergio and Vegas, Sira and Pastor, Oscar and Juristo, Natalia},
  year = {2018},
  journal = {IEEE Transactions on Software Engineering},
  issn = {0098-5589, 1939-3520, 2326-3881},
  doi = {10.1109/TSE.2018.2884706},
  langid = {english}
}

@inproceedings{pangIEC61499Models2015,
  title = {Towards {{IEC}} 61499 Models of Computation in {{Ptolemy II}}},
  booktitle = {{{IECON}} 2015 - 41st {{Annual Conference}} of the {{IEEE Industrial Electronics Society}}},
  author = {Pang, Cheng and Dai, Wenbin and Vyatkin, Valeriy},
  year = {2015},
  month = nov,
  pages = {001988--001993},
  publisher = {{IEEE}},
  address = {{Yokohama}},
  doi = {10.1109/IECON.2015.7392392},
  isbn = {978-1-4799-1762-4},
  langid = {english}
}

@inproceedings{patelHeterogeneousBehavioralHierarchy2006,
  title = {Heterogeneous {{Behavioral Hierarchy}} for {{System Level Designs}}},
  booktitle = {Proceedings of the {{Design Automation}} \& {{Test}} in {{Europe Conference}}},
  author = {Patel, H.D. and Shukla, S.K. and Bergamaschi, R.A.},
  year = {2006},
  pages = {1--6},
  publisher = {{IEEE}},
  address = {{Munich, Germany}},
  doi = {10.1109/DATE.2006.243955},
  isbn = {978-3-9810801-1-7},
  langid = {english}
}

@misc{PatrickMidTerm,
  title = {Patrick Mid Term}
}

@inproceedings{pavlovicCompositionRefinementBehavioral2001,
  title = {Composition and Refinement of Behavioral Specifications},
  booktitle = {Proceedings 16th {{Annual International Conference}} on {{Automated Software Engineering}} ({{ASE}} 2001)},
  author = {Pavlovic, D. and Smith, D.R.},
  year = {2001},
  pages = {157--165},
  publisher = {{IEEE Comput. Soc}},
  address = {{San Diego, CA, USA}},
  doi = {10.1109/ASE.2001.989801},
  isbn = {978-0-7695-1426-0},
  langid = {english}
}

@misc{peterHyperfine2022,
  title = {Hyperfine},
  author = {Peter, David},
  year = {2022},
  publisher = {{GitHub}},
  commit = {c7e56942f7d32e8bacab055c743bc0d3f17680b1}
}

@book{popperLogicScientificDiscovery2002,
  title = {{The logic of scientific discovery}},
  author = {Popper, Karl R},
  year = {2002},
  publisher = {{Routledge}},
  address = {{London; New York}},
  isbn = {978-0-203-99462-7 978-0-415-27843-0 978-0-415-27844-7},
  langid = {Translated from the German},
  annotation = {OCLC: 62269119}
}

@article{ProblemThreads,
  title = {The Problem with Threads}
}

@book{ptolemaeusSystemDesignModeling2014,
  title = {System Design, Modeling, and Simulation: Using {{Ptolemy II}}},
  shorttitle = {System Design, Modeling, and Simulation},
  editor = {Ptolemaeus, Claudius},
  year = {2014},
  edition = {1. ed., version 1.02},
  publisher = {{UC Berkeley EECS Dept}},
  address = {{Berkeley, Calif}},
  isbn = {978-1-304-42106-7},
  langid = {english},
  annotation = {OCLC: 935837595}
}

@article{rabbiModelDrivenEngineering2018,
  title = {A Model Driven Engineering Approach for Heterogeneous Model Composition},
  author = {Rabbi, F. and Lamo, Y. and Kristensen, L.M.},
  year = {2018},
  journal = {Communications in Computer and Information Science},
  volume = {880},
  pages = {198--221},
  doi = {10.1007/978-3-319-94764-8_9},
  document_type = {Conference Paper},
  source = {Scopus}
}

@article{raedtsTransformationBPMNModels2007,
  title = {Transformation of {{BPMN}} Models for Behaviour Analysis.},
  author = {Raedts, Ivo and Petkovic, Marija and Usenko, Yaroslav S and {van der Werf}, Jan Martijn EM and Groote, Jan Friso and Somers, Lou J},
  year = {2007},
  journal = {MSVVEIS},
  volume = {2007},
  pages = {126--137},
  publisher = {{Citeseer}}
}

@inproceedings{reggioWhatAreUsed2013,
  title = {What Are the Used {{UML}} Diagrams? {{A}} Preliminary Survey},
  booktitle = {{{EESSMOD}}@{{MoDELS}}},
  author = {Reggio, G. and Leotta, M. and Ricca, F. and Clerissi, Diego},
  year = {2013}
}

@incollection{rensinkExplicitStateModel2008,
  title = {Explicit State Model Checking for Graph Grammars},
  booktitle = {Concurrency, Graphs and Models: {{Essays}} Dedicated to Ugo Montanari on the Occasion of His 65th Birthday},
  author = {Rensink, Arend},
  editor = {Degano, Pierpaolo and De Nicola, Rocco and Meseguer, Jos{\'e}},
  year = {2008},
  pages = {114--132},
  publisher = {{Springer Berlin Heidelberg}},
  address = {{Berlin, Heidelberg}},
  doi = {10.1007/978-3-540-68679-8₈},
  isbn = {978-3-540-68679-8}
}

@inproceedings{rensinkGROOVESimulatorTool2004,
  title = {The {{GROOVE}} Simulator: {{A}} Tool for State Space Generation},
  booktitle = {Applications of Graph Transformations with Industrial Relevance},
  author = {Rensink, Arend},
  editor = {Pfaltz, John L. and Nagl, Manfred and B{\"o}hlen, Boris},
  year = {2004},
  pages = {479--485},
  publisher = {{Springer Berlin Heidelberg}},
  address = {{Berlin, Heidelberg}},
  isbn = {978-3-540-25959-6}
}

@incollection{rensinkHowMuchAre2017,
  title = {How {{Much Are Your Geraniums}}? {{Taking Graph Conditions Beyond First Order}}},
  shorttitle = {How {{Much Are Your Geraniums}}?},
  booktitle = {{{ModelEd}}, {{TestEd}}, {{TrustEd}}},
  author = {Rensink, Arend},
  editor = {Katoen, Joost-Pieter and Langerak, Rom and Rensink, Arend},
  year = {2017},
  volume = {10500},
  pages = {191--213},
  publisher = {{Springer International Publishing}},
  address = {{Cham}},
  doi = {10.1007/978-3-319-68270-9_10},
  isbn = {978-3-319-68269-3 978-3-319-68270-9}
}

@inproceedings{rensinkNestedQuantificationGraph2006,
  title = {Nested {{Quantification}} in {{Graph Transformation Rules}}},
  booktitle = {Graph {{Transformations}}},
  author = {Rensink, Arend},
  editor = {Corradini, Andrea and Ehrig, Hartmut and Montanari, Ugo and Ribeiro, Leila and Rozenberg, Grzegorz},
  year = {2006},
  series = {Lecture {{Notes}} in {{Computer Science}}},
  pages = {1--13},
  publisher = {{Springer}},
  address = {{Berlin, Heidelberg}},
  doi = {10.1007/11841883_1},
  isbn = {978-3-540-38872-2},
  langid = {english},
  keywords = {Application Condition,Graph Transformation,Graph Transformation Rule,Host Graph,Interaction Scheme}
}

@article{rensinkRepottingGeraniumsNested2009,
  title = {Repotting the {{Geraniums}}: {{On Nested Graph Transformation Rules}}},
  shorttitle = {Repotting the {{Geraniums}}},
  author = {Rensink, Arend and Kuperus, Jan-Hendrik},
  year = {2009},
  month = sep,
  journal = {Electronic Communications of the EASST},
  pages = {Volume 18: Graph Transformation and Visual Modeling Techniques 2009},
  publisher = {{European Association of Software Science and Technology}},
  doi = {10.14279/TUJ.ECEASST.18.260},
  langid = {english}
}

@book{resnikEthicsScienceIntroduction2005,
  title = {The {{Ethics}} of {{Science}}: An {{Introduction}}.},
  shorttitle = {The {{Ethics}} of {{Science}}},
  author = {Resnik, David B},
  year = {2005},
  isbn = {978-0-203-97906-8},
  langid = {english},
  annotation = {OCLC: 1048580079}
}

@phdthesis{ribeiroHigherOrderGraphRewriting,
  title = {Higher-{{Order Graph Rewriting Systems}}},
  author = {Ribeiro, D Leila and Heckel, D Reiko and Alegre, Porto and {de}, Janeiro},
  langid = {english}
}

@phdthesis{rinderle-maSchemaEvolutionProcess2004,
  title = {Schema Evolution in Process Management Systems.},
  author = {{Rinderle-Ma}, Stefanie},
  year = {2004},
  month = jan,
  school = {Universit\"at Ulm}
}

@incollection{riveraBehaviorTimeViewpoint2009,
  title = {Behavior, {{Time}} and {{Viewpoint Consistency}}: {{Three Challenges}} for {{MDE}}},
  shorttitle = {Behavior, {{Time}} and {{Viewpoint Consistency}}},
  booktitle = {Models in {{Software Engineering}}},
  author = {Rivera, Jos{\'e} Eduardo and Romero, Jos{\'e} Raul and Vallecillo, Antonio},
  editor = {Chaudron, Michel R. V.},
  year = {2009},
  volume = {5421},
  pages = {60--65},
  publisher = {{Springer Berlin Heidelberg}},
  address = {{Berlin, Heidelberg}},
  doi = {10.1007/978-3-642-01648-6_7},
  isbn = {978-3-642-01647-9 978-3-642-01648-6},
  langid = {english}
}

@inproceedings{riveraGraphicalApproachModeling2009,
  title = {A Graphical Approach for Modeling Time-Dependent Behavior of {{DSLs}}},
  booktitle = {2009 {{IEEE Symposium}} on {{Visual Languages}} and {{Human-Centric Computing}} ({{VL}}/{{HCC}})},
  author = {Rivera, Jose E. and Duran, Francisco and Vallecillo, Antonio},
  year = {2009},
  month = sep,
  pages = {51--55},
  publisher = {{IEEE}},
  address = {{Corvallis, OR, USA}},
  doi = {10.1109/VLHCC.2009.5295300},
  isbn = {978-1-4244-4876-0}
}

@article{rodriguezCompositionMultilevelDomainSpecific,
  title = {Composition of {{Multilevel Domain-Specific Modelling Languages}}},
  author = {Rodr{\'i}guez, Alejandro and Mac{\'i}as, Fernando and Dur{\'a}n, Francisco and Rutle, Adrian and Wolter, Uwe},
  pages = {49},
  langid = {english}
}

@article{rodriguezExecutingMultilevelDomainSpecific2019,
  title = {Executing {{Multilevel Domain-Specific Models}} in {{Maude}}.},
  author = {Rodr{\'i}guez, Alejandro and Dur{\'a}n, Francisco and Rutle, Adrian and Kristensen, Lars Michael},
  year = {2019},
  journal = {The Journal of Object Technology},
  volume = {18},
  number = {2},
  pages = {4:1},
  issn = {1660-1769},
  doi = {10.5381/jot.2019.18.2.a4},
  langid = {english}
}

@inproceedings{rodriguezMultilevelModellingColoured2018,
  title = {Multilevel Modelling of Coloured Petri Nets},
  booktitle = {{{MODELS}} Workshops},
  author = {Rodr{\'i}guez, A. and Rutle, Adrian and Dur{\'a}n, F. and Kristensen, L. M. and Mac{\'i}as, Fernando},
  year = {2018}
}

@book{roubtsovaBehaviorModelingFoundations2015,
  title = {Behavior {{Modeling}} -- {{Foundations}} and {{Applications}}},
  editor = {Roubtsova, Ella and McNeile, Ashley and Kindler, Ekkart and Gerth, Christian},
  year = {2015},
  series = {Lecture {{Notes}} in {{Computer Science}}},
  volume = {6368},
  publisher = {{Springer International Publishing}},
  address = {{Cham}},
  doi = {10.1007/978-3-319-21912-7},
  isbn = {978-3-319-21911-0 978-3-319-21912-7},
  langid = {english}
}

@book{ruckerPracticalProcessAutomation2021,
  title = {Practical Process Automation: Orchestration and Integration in Microservices and Cloud Native Architectures},
  shorttitle = {Practical Process Automation},
  author = {R{\"u}cker, Bernd},
  year = {2021},
  edition = {First edition},
  publisher = {{O'Reilly}},
  address = {{Beijing Boston Farnham Sebastopol Tokyo}},
  isbn = {978-1-4920-6145-8},
  langid = {english}
}

@incollection{rutleDiagrammaticFormalisationMOFBased2009,
  title = {A {{Diagrammatic Formalisation}} of {{MOF-Based Modelling Languages}}},
  booktitle = {Objects, {{Components}}, {{Models}} and {{Patterns}}},
  author = {Rutle, Adrian and Rossini, Alessandro and Lamo, Yngve and Wolter, Uwe},
  editor = {Oriol, Manuel and Meyer, Bertrand},
  year = {2009},
  volume = {33},
  pages = {37--56},
  publisher = {{Springer Berlin Heidelberg}},
  address = {{Berlin, Heidelberg}},
  doi = {10.1007/978-3-642-02571-6_4},
  isbn = {978-3-642-02570-9 978-3-642-02571-6},
  langid = {english}
}

@phdthesis{rutleDiagramPredicateFramework2011,
  title = {Diagram {{Predicate Framework}}},
  shorttitle = {Bibliofile Klassikere \& Litter\ae re Likegyldigheter},
  author = {Rutle, Adrian},
  year = {2011},
  langid = {english},
  school = {University of Bergen},
  annotation = {OCLC: 772905668}
}

@article{rutleFormalApproachSpecification2012,
  title = {A Formal Approach to the Specification and Transformation of Constraints in {{MDE}}},
  author = {Rutle, Adrian and Rossini, Alessandro and Lamo, Yngve and Wolter, Uwe},
  year = {2012},
  month = may,
  journal = {The Journal of Logic and Algebraic Programming},
  volume = {81},
  number = {4},
  pages = {422--457},
  issn = {15678326},
  doi = {10.1016/j.jlap.2012.03.006},
  langid = {english}
}

@incollection{rutleFormalDiagrammaticApproach2013,
  title = {A {{Formal Diagrammatic Approach}} to {{Compensable Workflow Modelling}}},
  booktitle = {Foundations of {{Health Information Engineering}} and {{Systems}}},
  author = {Rutle, Adrian and Wang, Hao and MacCaull, Wendy},
  editor = {Hutchison, David and Kanade, Takeo and Kittler, Josef and Kleinberg, Jon M. and Mattern, Friedemann and Mitchell, John C. and Naor, Moni and Nierstrasz, Oscar and Pandu Rangan, C. and Steffen, Bernhard and Sudan, Madhu and Terzopoulos, Demetri and Tygar, Doug and Vardi, Moshe Y. and Weikum, Gerhard and Weber, Jens and Perseil, Isabelle},
  year = {2013},
  volume = {7789},
  pages = {194--212},
  publisher = {{Springer Berlin Heidelberg}},
  address = {{Berlin, Heidelberg}},
  doi = {10.1007/978-3-642-39088-3_13},
  isbn = {978-3-642-39087-6 978-3-642-39088-3},
  langid = {english}
}

@inproceedings{rutleMetamodellingApproachBehavioural2012,
  title = {A Metamodelling Approach to Behavioural Modelling},
  booktitle = {Proceedings of the {{Fourth Workshop}} on {{Behaviour Modelling}} - {{Foundations}} and {{Applications}} - {{BM-FA}} '12},
  author = {Rutle, Adrian and MacCaull, Wendy and Wang, Hao and Lamo, Yngve},
  year = {2012},
  pages = {1--10},
  publisher = {{ACM Press}},
  address = {{Kgs. Lyngby, Denmark}},
  doi = {10.1145/2325276.2325281},
  isbn = {978-1-4503-1187-8},
  langid = {english}
}

@article{rutleUserfriendlyToolModel2013,
  title = {A {{User-friendly Tool}} for {{Model Checking Healthcare Workflows}}},
  author = {Rutle, Adrian},
  year = {2013},
  journal = {Procedia Computer Science},
  pages = {10},
  langid = {english}
}

@article{ruttenUniversalCoalgebraTheory2000,
  title = {Universal Coalgebra: A Theory of Systems},
  shorttitle = {Universal Coalgebra},
  author = {Rutten, J.J.M.M.},
  year = {2000},
  month = oct,
  journal = {Theoretical Computer Science},
  volume = {249},
  number = {1},
  pages = {3--80},
  issn = {03043975},
  doi = {10.1016/S0304-3975(00)00056-6},
  langid = {english}
}

@article{samimi-dehkordiEVLStraceNovel2018,
  title = {{{EVL}}+{{Strace}}: A Novel Bidirectional Model Transformation Approach},
  shorttitle = {{{EVL}}+{{Strace}}},
  author = {{Samimi-Dehkordi}, Leila and Zamani, Bahman and {Kolahdouz-Rahimi}, Shekoufeh},
  year = {2018},
  month = aug,
  journal = {Information and Software Technology},
  volume = {100},
  pages = {47--72},
  issn = {09505849},
  doi = {10.1016/j.infsof.2018.03.011},
  langid = {english}
}

@article{sanchez-alonsoCoordMaude2003,
  title = {{{CoordMaude}}},
  author = {{S{\'a}nchez-Alonso}, Marisol and Clemente, Pedro J. and Murillo, Juan M. and Hern{\'a}ndez, Juan},
  year = {2003},
  month = dec,
  journal = {Electronic Notes in Theoretical Computer Science},
  volume = {82},
  number = {3},
  pages = {643--658},
  issn = {15710661},
  doi = {10.1016/S1571-0661(05)82633-7},
  langid = {english}
}

@article{sandbergWaysConstructingResearch2011,
  title = {Ways of Constructing Research Questions: Gap-Spotting or Problematization?},
  shorttitle = {Ways of Constructing Research Questions},
  author = {Sandberg, J{\"o}rgen and Alvesson, Mats},
  year = {2011},
  month = jan,
  journal = {Organization},
  volume = {18},
  number = {1},
  pages = {23--44},
  issn = {1350-5084, 1461-7323},
  doi = {10.1177/1350508410372151},
  langid = {english}
}

@book{sangiorgiPcalculusTheoryMobile2003,
  title = {The {$\pi$}-Calculus: A Theory of Mobile Processes},
  shorttitle = {The [Pi]-Calculus},
  author = {Sangiorgi, Davide and Walker, David},
  year = {2003},
  edition = {1st paperback edition},
  publisher = {{Cambridge University Press}},
  address = {{Cambridge New York Port Melbourne}},
  isbn = {978-0-521-54327-9 978-0-521-78177-0},
  langid = {english}
}

@inproceedings{sarjoughianModelComposability2006,
  title = {Model {{Composability}}},
  booktitle = {Proceedings of the 2006 {{Winter Simulation Conference}}},
  author = {Sarjoughian, Hessam},
  year = {2006},
  month = dec,
  pages = {149--158},
  publisher = {{IEEE}},
  address = {{Monterey, CA, USA}},
  doi = {10.1109/WSC.2006.323047},
  isbn = {978-1-4244-0501-5 978-1-4244-0500-8},
  langid = {english}
}

@inproceedings{schaferEnhancingDevelopmentConsistency2020,
  title = {Enhancing Development and Consistency of {{UML}} Models and Model Executions with {{USE}} Studio},
  booktitle = {Proceedings of the 23rd {{ACM}}/{{IEEE International Conference}} on {{Model Driven Engineering Languages}} and {{Systems}}: {{Companion Proceedings}}},
  author = {Sch{\"a}fer, Marcel and Gogolla, Martin},
  year = {2020},
  month = oct,
  pages = {1--5},
  publisher = {{ACM}},
  address = {{Virtual Event Canada}},
  doi = {10.1145/3417990.3422011},
  isbn = {978-1-4503-8135-2},
  langid = {english}
}

@article{schulzCategoricalFrameworkTransformation2011,
  title = {A Categorical Framework for the Transformation of Object-Oriented Systems: {{Models}} and Data},
  shorttitle = {A Categorical Framework for the Transformation of Object-Oriented Systems},
  author = {Schulz, Christoph and L{\"o}we, Michael and K{\"o}nig, Harald},
  year = {2011},
  month = mar,
  journal = {Journal of Symbolic Computation},
  volume = {46},
  number = {3},
  pages = {316--337},
  issn = {07477171},
  doi = {10.1016/j.jsc.2010.09.010},
  langid = {english}
}

@phdthesis{schulzTransformationObjektorientierterSysteme2010,
  title = {{Transformation objektorientierter Systeme basierend auf algebraischen Graph-Transformationen}},
  author = {Schulz, Christoph},
  year = {2010},
  month = jun,
  collaborator = {Technische Universit{\"a}t Berlin and Technische Universit{\"a}t Berlin and Ehrig, Hartmut},
  copyright = {Terms of German Copyright Law},
  langid = {ngerman},
  school = {Technische Universit\"at Berlin},
  keywords = {004 Datenverarbeitung; Informatik,Evolution,Migration,Refactoring,Software,Transformation}
}

@book{seidlUMLClassroom2015,
  title = {{{UML}} @ {{Classroom}}},
  author = {Seidl, Martina and Scholz, Marion and Huemer, Christian and Kappel, Gerti},
  year = {2015},
  series = {Undergraduate {{Topics}} in {{Computer Science}}},
  publisher = {{Springer International Publishing}},
  address = {{Cham}},
  doi = {10.1007/978-3-319-12742-2},
  isbn = {978-3-319-12741-5 978-3-319-12742-2},
  langid = {english}
}

@article{seshiaConcurrentStateMachines,
  title = {Concurrent State Machines and Composition},
  author = {Seshia, Sanjit A},
  pages = {11},
  langid = {english}
}

@inproceedings{shinIntegratedSimulationEnvironment2007,
  title = {An {{Integrated Simulation Environment Which Automatically Generates}} and {{Edits Source Code}} for {{Geant4}}: {{Geant4Editor}}},
  shorttitle = {An {{Integrated Simulation Environment Which Automatically Generates}} and {{Edits Source Code}} for {{Geant4}}},
  booktitle = {2007 {{International Symposium}} on {{Information Technology Convergence}} ({{ISITC}} 2007)},
  author = {Shin, Sungsik and Kim, Ami and Kim, Seungwan and Song, Juwhan and Gwun, Oubong},
  year = {2007},
  month = nov,
  pages = {401--405},
  publisher = {{IEEE}},
  address = {{Joenju}},
  doi = {10.1109/ISITC.2007.67},
  isbn = {978-0-7695-3045-1},
  langid = {english}
}

@inproceedings{simkoTheoryCyberphysicalSystems2014,
  title = {Towards a Theory for Cyber-Physical Systems Modeling},
  author = {Simko, G. and Levendovszky, T. and Maroti, M. and Sztipanovits, J.},
  year = {2014},
  series = {Proceedings of the 4th {{ACM Workshop}} on {{Design}}, {{Modeling}} and {{Evaluation}} of {{Cyber Physical Systems}}, {{CyPhy}} 2014},
  pages = {56--61},
  doi = {10.1145/2593458.2593463},
  document_type = {Conference Paper},
  source = {Scopus}
}

@inproceedings{sinhaBehavioralModelComposition2002,
  title = {Behavioral Model Composition in Simulation-Based Design},
  booktitle = {Proceedings 35th {{Annual Simulation Symposium}}. {{SS}} 2002},
  author = {Sinha, R. and Paredis, C.J.J. and Khosla, P.K.},
  year = {2002},
  pages = {308--315},
  publisher = {{IEEE Comput. Soc}},
  address = {{San Deigo, CA, USA}},
  doi = {10.1109/SIMSYM.2002.1000168},
  isbn = {978-0-7695-1552-6},
  langid = {english}
}

@incollection{skouradakiMicroBenchmarkingBPMNWorkflow2016,
  title = {Micro-{{Benchmarking BPMN}} 2.0 {{Workflow Management Systems}} with {{Workflow Patterns}}},
  booktitle = {Advanced {{Information Systems Engineering}}},
  author = {Skouradaki, Marigianna and Ferme, Vincenzo and Pautasso, Cesare and Leymann, Frank and {van Hoorn}, Andr{\'e}},
  editor = {Nurcan, Selmin and Soffer, Pnina and Bajec, Marko and Eder, Johann},
  year = {2016},
  volume = {9694},
  pages = {67--82},
  publisher = {{Springer International Publishing}},
  address = {{Cham}},
  doi = {10.1007/978-3-319-39696-5_5},
  isbn = {978-3-319-39695-8 978-3-319-39696-5},
  langid = {english}
}

@article{soekenVerifyingDynamicAspects2011,
  title = {Verifying Dynamic Aspects of {{UML}} Models},
  author = {Soeken, M. and Wille, R. and Drechsler, R.},
  year = {2011},
  journal = {2011 Design, Automation \& Test in Europe},
  pages = {1--6}
}

@misc{SoftwareEngineeringCode2016,
  title = {The {{Software Engineering Code}} of {{Ethics}} and {{Professional Practice}}},
  year = {2016},
  month = jun,
  langid = {american}
}

@inproceedings{solaimanToolAutomaticVerification2015,
  title = {A {{Tool}} for the {{Automatic Verification}} of {{BPMN Choreographies}}},
  booktitle = {2015 {{IEEE International Conference}} on {{Services Computing}}},
  author = {Solaiman, Ellis and Sun, Wenzhong and {Molina-Jimenez}, Carlos},
  year = {2015},
  month = jun,
  pages = {728--735},
  publisher = {{IEEE}},
  address = {{New York City, NY, USA}},
  doi = {10.1109/SCC.2015.103},
  isbn = {978-1-4673-7281-7},
  langid = {english}
}

@article{soukainaModelDrivenEngineering2018,
  title = {Model {{Driven Engineering}} ({{MDE}}) {{Tools}}: {{A Survey}}},
  shorttitle = {Model {{Driven Engineering}} ({{MDE}}) {{Tools}}},
  author = {Soukaina, Moujtahid},
  year = {2018},
  journal = {American Journal of Science, Engineering and Technology},
  volume = {3},
  number = {2},
  pages = {29},
  issn = {2578-8345},
  doi = {10.11648/j.ajset.20180302.11},
  langid = {english}
}

@incollection{spanoudakisInconsistencyManagementSoftware2001,
  title = {Inconsistency {{Management}} in {{Software Engineering}}: {{Survey}} and {{Open Research Issues}}},
  shorttitle = {{{INCONSISTENCY MANAGEMENT IN SOFTWARE ENGINEERING}}},
  author = {Spanoudakis, George and Zisman, Andrea},
  year = {2001},
  month = dec,
  pages = {329--380},
  doi = {10.1142/9789812389718_0015}
}

@inproceedings{stevensBidirectionalTransformationsLarge2017,
  title = {Bidirectional {{Transformations}} in the {{Large}}},
  booktitle = {2017 {{ACM}}/{{IEEE}} 20th {{International Conference}} on {{Model Driven Engineering Languages}} and {{Systems}} ({{MODELS}})},
  author = {Stevens, Perdita},
  year = {2017},
  month = sep,
  pages = {1--11},
  doi = {10.1109/MODELS.2017.8},
  keywords = {bidirectional transformation,binary consistency relations,Computational modeling,consistency restoration,metamodels,Model-driven development,multiary consistency relation,Safety,Software,software engineering,Stakeholders,Unified modeling language}
}

@inproceedings{stevensSoundOptimalFlexible2018,
  title = {Towards Sound, Optimal, and Flexible Building from Megamodels},
  booktitle = {Proceedings of the 21th {{ACM}}/{{IEEE International Conference}} on {{Model Driven Engineering Languages}} and {{Systems}}},
  author = {Stevens, Perdita},
  year = {2018},
  month = oct,
  pages = {301--311},
  publisher = {{ACM}},
  address = {{Copenhagen Denmark}},
  doi = {10.1145/3239372.3239378},
  isbn = {978-1-4503-4949-9},
  langid = {english}
}

@article{stunkelComprehensiveSystemsFormal2021,
  title = {Comprehensive {{Systems}}: {{A}} Formal Foundation for {{Multi-Model Consistency Management}}},
  shorttitle = {Comprehensive {{Systems}}},
  author = {St{\"u}nkel, Patrick and K{\"o}nig, Harald and Lamo, Yngve and Rutle, Adrian},
  year = {2021},
  month = jul,
  journal = {Formal Aspects of Computing},
  issn = {0934-5043, 1433-299X},
  doi = {10.1007/s00165-021-00555-2},
  langid = {english}
}

@phdthesis{stunkelFrameworkMultimodelConsistency2022,
  title = {A Framework for Multi-Model Consistency Management},
  author = {St{\"u}nkel, Patrick},
  year = {2022},
  langid = {english}
}

@article{stunkelGraphQLFederationModelBased2020,
  title = {{{GraphQL Federation}}: {{A Model-Based Approach}}.},
  shorttitle = {{{GraphQL Federation}}},
  author = {St{\"u}nkel, Patrick and {von Bargen}, Ole and Rutle, Adrian and Lamo, Yngve},
  year = {2020},
  journal = {The Journal of Object Technology},
  volume = {19},
  number = {2},
  pages = {18:1},
  issn = {1660-1769},
  doi = {10.5381/jot.2020.19.2.a18},
  langid = {english}
}

@inproceedings{stunkelMultimodelCorrespondenceIntermodel2018,
  title = {Multimodel Correspondence through Inter-Model Constraints},
  booktitle = {Conference {{Companion}} of the 2nd {{International Conference}} on {{Art}}, {{Science}}, and {{Engineering}} of {{Programming}} - {{Programming}}'18 {{Companion}}},
  author = {St{\"u}nkel, Patrick and K{\"o}nig, Harald and Lamo, Yngve and Rutle, Adrian},
  year = {2018},
  pages = {9--17},
  publisher = {{ACM Press}},
  address = {{Nice, France}},
  doi = {10.1145/3191697.3191715},
  isbn = {978-1-4503-5513-1},
  langid = {english}
}

@article{stunkelMultiModelEvolutionModel2021,
  title = {Multi-{{Model Evolution}} through {{Model Repair}}.},
  author = {St{\"u}nkel, Patrick and K{\"o}nig, Harald and Rutle, Adrian and Lamo, Yngve},
  year = {2021},
  journal = {The Journal of Object Technology},
  volume = {20},
  number = {1},
  pages = {1:1},
  issn = {1660-1769},
  doi = {10.5381/jot.2021.20.1.a2},
  langid = {english}
}

@incollection{stunkelMultipleModelSynchronization2020,
  title = {Towards {{Multiple Model Synchronization}} with {{Comprehensive Systems}}},
  booktitle = {Fundamental {{Approaches}} to {{Software Engineering}}},
  author = {St{\"u}nkel, Patrick and K{\"o}nig, Harald and Lamo, Yngve and Rutle, Adrian},
  editor = {Wehrheim, Heike and Cabot, Jordi},
  year = {2020},
  volume = {12076},
  pages = {335--356},
  publisher = {{Springer International Publishing}},
  address = {{Cham}},
  doi = {10.1007/978-3-030-45234-6_17},
  isbn = {978-3-030-45233-9 978-3-030-45234-6},
  langid = {english}
}

@article{stunkelProposal,
  title = {Correspondence and {{Conformance Preserving Model Changes}} in {{Multi Modeling}}},
  author = {St{\"u}nkel, Patrick},
  pages = {14},
  langid = {english}
}

@book{taylorSoftwareArchitectureFoundations2009,
  title = {Software Architecture: {{Foundations}}, Theory, and Practice},
  author = {Taylor, R. N. and Medvidovic, N. and Dashofy, E. M.},
  year = {2009},
  publisher = {{Wiley Publishing}},
  isbn = {0-470-16774-2}
}

@phdthesis{tenaMultilevelModellingInfrastructure2021,
  title = {A {{Multilevel Modelling Infrastructure}} for the {{Definition}}, {{Execution}} and {{Composition}} of {{Domain-Specific Modelling Languages}}},
  author = {Tena, Alejandro Rodr{\'i}guez},
  year = {2021},
  langid = {english}
}

@article{thierry-miegUMLBehavioralConsistency2008,
  title = {{{UML}} Behavioral Consistency Checking Using Instantiable {{Petri}} Nets},
  author = {{Thierry-Mieg}, Yann and Hillah, Lom-Messan},
  year = {2008},
  month = oct,
  journal = {Innovations in Systems and Software Engineering},
  volume = {4},
  number = {3},
  pages = {293--300},
  issn = {1614-5054},
  doi = {10.1007/s11334-008-0065-0}
}

@misc{timkrauterArtifactsBehavioralConsistency2022,
  title = {Artifacts -  {{Towards}} Behavioral Consistency in Multimodeling},
  author = {{Tim Kr\"auter}},
  year = {2022},
  month = oct,
  journal = {GitHub},
  howpublished = {https://github.com/timKraeuter/Towards-behavioral-consistency-in-multi-modeling},
  langid = {english}
}

@misc{timkrauterArtifactsICSME2022,
  title = {Artifacts - {{ICSME}}},
  author = {{Tim Kr\"auter}},
  year = {2022},
  month = oct,
  journal = {GitHub},
  howpublished = {https://github.com/timKraeuter/ICSME-2022},
  langid = {english}
}

@misc{timkrauterArtifactsTERMGRAPH2022,
  title = {Artifacts - {{TERMGRAPH}}},
  author = {{Tim Kr\"auter}},
  year = {2022},
  month = oct,
  journal = {GitHub},
  howpublished = {https://github.com/timKraeuter/TERMGRAPH-2022},
  langid = {english}
}

@article{torreHowConsistencyHandled2018,
  title = {How Consistency Is Handled in {{Model Driven Software Engineering}} and {{UML}}: A Survey of Experts in Academia and Industry},
  author = {Torre, Damiano and Genero, Marcela and Labiche, Yvan and Elaasar, Maged},
  year = {2018},
  pages = {37},
  langid = {english}
}

@article{torresSystematicLiteratureReview2020,
  title = {A Systematic Literature Review of Cross-Domain Model Consistency Checking by Model Management Tools},
  author = {Torres, Weslley and {van~den Brand}, Mark G. J. and Serebrenik, Alexander},
  year = {2020},
  month = oct,
  journal = {Software and Systems Modeling},
  issn = {1619-1366, 1619-1374},
  doi = {10.1007/s10270-020-00834-1},
  langid = {english}
}

@article{torreSystematicIdentificationConsistency2018,
  title = {A Systematic Identification of Consistency Rules for {{UML}} Diagrams},
  author = {Torre, Damiano and Labiche, Yvan and Genero, Marcela and Elaasar, Maged},
  year = {2018},
  month = oct,
  journal = {Journal of Systems and Software},
  volume = {144},
  pages = {121--142},
  issn = {01641212},
  doi = {10.1016/j.jss.2018.06.029},
  langid = {english}
}

@inproceedings{torreUMLConsistencyRules2014,
  title = {{{UML}} Consistency Rules: A Systematic Mapping Study},
  shorttitle = {{{UML}} Consistency Rules},
  booktitle = {Proceedings of the 18th {{International Conference}} on {{Evaluation}} and {{Assessment}} in {{Software Engineering}} - {{EASE}} '14},
  author = {Torre, Damiano and Labiche, Yvan and Genero, Marcela},
  year = {2014},
  pages = {1--10},
  publisher = {{ACM Press}},
  address = {{London, England, United Kingdom}},
  doi = {10.1145/2601248.2601292},
  isbn = {978-1-4503-2476-2},
  langid = {english}
}

@article{tripakisModularFormalSemantics2013,
  title = {A Modular Formal Semantics for {{Ptolemy}}},
  author = {Tripakis, Stavros and Stergiou, Christos and Shaver, Chris and Lee, Edward A.},
  year = {2013},
  month = aug,
  journal = {Mathematical Structures in Computer Science},
  volume = {23},
  number = {4},
  pages = {834--881},
  issn = {0960-1295, 1469-8072},
  doi = {10.1017/S0960129512000278},
  langid = {english}
}

@incollection{trollmannExtendingModelModel2015,
  title = {Extending {{Model}} to {{Model Transformation Results}} from {{Triple Graph Grammars}} to {{Multiple Models}}},
  booktitle = {Theory and {{Practice}} of {{Model Transformations}}},
  author = {Trollmann, Frank and Albayrak, Sahin},
  editor = {Kolovos, Dimitris and Wimmer, Manuel},
  year = {2015},
  volume = {9152},
  pages = {214--229},
  publisher = {{Springer International Publishing}},
  address = {{Cham}},
  doi = {10.1007/978-3-319-21155-8_16},
  isbn = {978-3-319-21154-1 978-3-319-21155-8}
}

@article{vanderaalstWorkflowPatterns2003,
  title = {Workflow Patterns},
  author = {{van der Aalst}, Wil M. P. and {ter Hofstede}, Arthur H. M. and Kiepuszewski, Bartek and Barros, Alistair P.},
  year = {2003},
  journal = {Distributed Parallel Databases},
  volume = {14},
  number = {1},
  pages = {5--51},
  doi = {10.1023/A:1022883727209},
  bibsource = {dblp computer science bibliography, https://dblp.org},
  biburl = {https://dblp.org/rec/journals/dpd/AalstHKB03.bib},
  timestamp = {Mon, 18 May 2020 12:42:55 +0200}
}

@incollection{vanderstraetenChallengesModelDrivenSoftware2009,
  title = {Challenges in {{Model-Driven Software Engineering}}},
  booktitle = {Models in {{Software Engineering}}},
  author = {Van Der Straeten, Ragnhild and Mens, Tom and Van Baelen, Stefan},
  editor = {Chaudron, Michel R. V.},
  year = {2009},
  volume = {5421},
  pages = {35--47},
  publisher = {{Springer Berlin Heidelberg}},
  address = {{Berlin, Heidelberg}},
  doi = {10.1007/978-3-642-01648-6_4},
  isbn = {978-3-642-01647-9 978-3-642-01648-6},
  langid = {english}
}

@inproceedings{vangheluweIntroductionMultiparadigmModelling2002,
  title = {An Introduction to Multi-Paradigm Modelling and Simulation.},
  author = {Vangheluwe, Hans and {de Lara}, Juan and Mosterman, P.J.},
  year = {2002}
}

@article{vangorpPetriNetsStatechartsTransformation2013,
  title = {The {{Petri-Nets}} to {{Statecharts Transformation Case}}},
  author = {Van Gorp, Pieter and Rose, Louis M.},
  year = {2013},
  month = nov,
  journal = {Electronic Proceedings in Theoretical Computer Science},
  volume = {135},
  pages = {16--31},
  issn = {2075-2180},
  doi = {10.4204/EPTCS.135.3},
  langid = {english}
}

@article{vangorpVisualTokenbasedFormalization2013,
  title = {A Visual Token-Based Formalization of {{BPMN}} 2.0 Based on in-Place Transformations},
  author = {Van Gorp, Pieter and Dijkman, Remco},
  year = {2013},
  month = feb,
  journal = {Information and Software Technology},
  volume = {55},
  number = {2},
  pages = {365--394},
  issn = {09505849},
  doi = {10.1016/j.infsof.2012.08.014},
  langid = {english}
}

@phdthesis{varalarsenBCOolBehavioralCoordination2016,
  title = {{{BCOol}} : The Behavioral Coordination Operator Language},
  author = {Vara Larsen, Matias},
  year = {2016},
  month = apr,
  number = {2016NICE4013},
  hal_id = {tel-01302875},
  hal_version = {v2},
  pdf = {https://tel.archives-ouvertes.fr/tel-01302875v2/file/2016NICE4013.pdf},
  school = {Universit\'e Nice Sophia Antipolis},
  keywords = {Coordination languages,DSMLs (Domain Specific Modeling Languages),DSMLs (Langages de Modélisation),Heterogeneous Modeling,Langages de coordination,Modèles hétérogènes}
}

@inproceedings{varalarsenBehavioralCoordinationOperator2015,
  title = {A {{Behavioral Coordination Operator Language}} ({{BCOoL}})},
  booktitle = {2015 {{ACM}}/{{IEEE}} 18th {{International Conference}} on {{Model Driven Engineering Languages}} and {{Systems}} ({{MODELS}})},
  author = {Vara Larsen, Matias Ezequiel and DeAntoni, Julien and Combemale, Benoit and Mallet, Frederic},
  year = {2015},
  month = sep,
  pages = {186--195},
  publisher = {{IEEE}},
  address = {{Ottawa, ON, Canada}},
  doi = {10.1109/MODELS.2015.7338249},
  isbn = {978-1-4673-6908-4},
  langid = {english}
}

@inproceedings{varroFormalSemanticsUML2002,
  title = {A Formal Semantics of {{UML}} Statecharts by Model Transition Systems},
  booktitle = {Graph Transformation},
  author = {Varr{\'o}, D{\'a}niel},
  editor = {Corradini, Andrea and Ehrig, Hartmut and Kreowski, Hans -J{\"o}rg and Rozenberg, Grzegorz},
  year = {2002},
  pages = {378--392},
  publisher = {{Springer Berlin Heidelberg}},
  address = {{Berlin, Heidelberg}},
  isbn = {978-3-540-45832-6}
}

@article{vasilecasAnalysisUsingResources2014,
  title = {Analysis of {{Using Resources}} in {{Business Process Modeling}} and {{Simulation}}},
  author = {Vasilecas, Olegas and Laureckas, Evaldas and Rima, Audrius},
  year = {2014},
  month = dec,
  journal = {Applied Computer Systems},
  volume = {16},
  number = {1},
  pages = {19--25},
  issn = {2255-8691},
  doi = {10.1515/acss-2014-0009},
  langid = {english}
}

@misc{VisualDebuggerIntelliJ,
  title = {Visual {{Debugger}} - {{IntelliJ IDEs Plugin}} | {{Marketplace}}},
  journal = {JetBrains Marketplace},
  howpublished = {https://plugins.jetbrains.com/plugin/16851-visual-debugger}
}

@article{voelterDesigningImplementingUsing,
  title = {Designing, {{Implementing}} and {{Using Domain-Specific Languages}}},
  author = {Voelter, Markus},
  pages = {560},
  langid = {english}
}

@book{walickiIntroductionMathematicalLogic2017,
  title = {Introduction to Mathematical Logic},
  author = {Walicki, Micha{\l}},
  year = {2017},
  edition = {Extended edition},
  publisher = {{World Scientific}},
  address = {{New Jersey}},
  isbn = {978-981-4719-95-7 978-981-4719-96-4},
  langid = {english},
  lccn = {QA9 .W334 2017},
  keywords = {Logic; Symbolic and mathematical}
}

@article{wallsSpringActionSixth,
  title = {Spring in {{Action}}, {{Sixth Edition}}},
  author = {Walls, Craig},
  pages = {520},
  langid = {english}
}

@phdthesis{wangCorrectModellingModel2016,
  title = {Towards {{Correct Modelling}} and {{Model Transformation}} in {{DPF}}},
  author = {Wang, Xiaoliang},
  year = {2016}
}

@article{wangModelCheckingHealthcare2014,
  title = {Model {{Checking Healthcare Workflows Using Alloy}}},
  author = {Wang, Xiaoliang},
  year = {2014},
  journal = {Procedia Computer Science},
  pages = {8},
  langid = {english}
}

@article{warwickIntegratingHeterogeneousModeling2017,
  title = {Integrating Heterogeneous Modeling Frameworks Using the {{DREAMIT}} Workspace},
  author = {Warwick, W. and Walsh, M. and Rodgers, S. and Lebiere, C.},
  year = {2017},
  journal = {Advances in Intelligent Systems and Computing},
  volume = {481},
  pages = {267--278},
  doi = {10.1007/978-3-319-41627-4_24},
  document_type = {Conference Paper},
  source = {Scopus}
}

@article{watsonAnalysingPrepareFuture2020,
  title = {Analysing the Past to Prepare for the Future: {{Writing}} a Literature Review a Roadmap for Release 2.0},
  shorttitle = {Analysing the Past to Prepare for the Future},
  author = {Watson, Richard T. and Webster, Jane},
  year = {2020},
  month = jul,
  journal = {Journal of Decision Systems},
  volume = {29},
  number = {3},
  pages = {129--147},
  issn = {1246-0125, 2116-7052},
  doi = {10.1080/12460125.2020.1798591},
  langid = {english}
}

@article{websterAnalyzingPrepareFuture2002,
  title = {Analyzing the Past to Prepare for the Future: {{Writing}} a Literature Review},
  author = {Webster, Jane and Watson, Richard T.},
  year = {2002},
  journal = {MIS Quarterly},
  volume = {26},
  number = {2},
  pages = {xiii--xxiii},
  publisher = {{Management Information Systems Research Center, University of Minnesota}},
  issn = {02767783}
}

@incollection{weidlichICoPFrameworkIdentification2010,
  title = {The {{ICoP Framework}}: {{Identification}} of {{Correspondences}} between {{Process Models}}},
  shorttitle = {The {{ICoP Framework}}},
  booktitle = {Active {{Flow}} and {{Combustion Control}} 2018},
  author = {Weidlich, Matthias and Dijkman, Remco and Mendling, Jan},
  editor = {King, Rudibert},
  year = {2010},
  volume = {141},
  pages = {483--498},
  publisher = {{Springer International Publishing}},
  address = {{Cham}},
  doi = {10.1007/978-3-642-13094-6_37},
  isbn = {978-3-319-98176-5 978-3-319-98177-2},
  langid = {english}
}

@article{weidmannAutomatingModelTransformations2021,
  title = {Automating {{Model Transformations}} for {{Railway Systems Engineering}}.},
  author = {Weidmann, Nils and Salunkhe, Shubhangi and Anjorin, Anthony and Yigitbas, Enes and Engels, Gregor},
  year = {2021},
  journal = {The Journal of Object Technology},
  volume = {20},
  number = {3},
  pages = {10:1},
  issn = {1660-1769},
  doi = {10.5381/jot.2021.20.3.a10},
  langid = {english}
}

@article{weidmannToleranceModelDrivenEngineering2021,
  title = {Tolerance in {{Model-Driven Engineering}}: {{A Systematic Literature Review}} with {{Model-Driven Tool Support}}},
  shorttitle = {Tolerance in {{Model-Driven Engineering}}},
  author = {Weidmann, Nils and Kannan, Suganya and Anjorin, Anthony},
  year = {2021},
  month = jun,
  journal = {arXiv:2106.01063 [cs]},
  eprint = {2106.01063},
  eprinttype = {arxiv},
  primaryclass = {cs},
  archiveprefix = {arXiv},
  langid = {english},
  keywords = {Computer Science - Software Engineering}
}

@misc{weskeModelCollectionBusiness2020,
  title = {Model Collection of the Business Process Management Academic Initiative},
  author = {Weske, Mathias and Decker, Gero and Dumas, Marlon and La Rosa, Marcello and Mendling, Jan and Reijers, Hajo A.},
  year = {2020},
  month = apr,
  publisher = {{Zenodo}},
  doi = {10.5281/zenodo.3758705}
}

@article{westfechtelCasebasedExplorationBidirectional2018,
  title = {Case-Based Exploration of Bidirectional Transformations in {{QVT Relations}}},
  author = {Westfechtel, Bernhard},
  year = {2018},
  month = jul,
  journal = {Software \& Systems Modeling},
  volume = {17},
  number = {3},
  pages = {989--1029},
  issn = {1619-1366, 1619-1374},
  doi = {10.1007/s10270-016-0527-z},
  langid = {english}
}

@article{whitesidesWhitesidesGroupWriting2004,
  title = {Whitesides' {{Group}}: {{Writing}} a {{Paper}}},
  shorttitle = {Whitesides' {{Group}}},
  author = {Whitesides, G. M.},
  year = {2004},
  month = aug,
  journal = {Advanced Materials},
  volume = {16},
  number = {15},
  pages = {1375--1377},
  issn = {0935-9648, 1521-4095},
  doi = {10.1002/adma.200400767},
  langid = {english}
}

@incollection{whittleMATAUnifiedApproach2009,
  title = {{{MATA}}: {{A Unified Approach}} for {{Composing UML Aspect Models Based}} on {{Graph Transformation}}},
  shorttitle = {{{MATA}}},
  booktitle = {Transactions on {{Aspect-Oriented Software Development VI}}},
  author = {Whittle, Jon and Jayaraman, Praveen and Elkhodary, Ahmed and Moreira, Ana and Ara{\'u}jo, Jo{\~a}o},
  editor = {Hutchison, David and Kanade, Takeo and Kittler, Josef and Kleinberg, Jon M. and Mattern, Friedemann and Mitchell, John C. and Naor, Moni and Nierstrasz, Oscar and Pandu Rangan, C. and Steffen, Bernhard and Sudan, Madhu and Terzopoulos, Demetri and Tygar, Doug and Vardi, Moshe Y. and Weikum, Gerhard and Katz, Shmuel and Ossher, Harold and France, Robert and J{\'e}z{\'e}quel, Jean-Marc},
  year = {2009},
  volume = {5560},
  pages = {191--237},
  publisher = {{Springer Berlin Heidelberg}},
  address = {{Berlin, Heidelberg}},
  doi = {10.1007/978-3-642-03764-1_6},
  isbn = {978-3-642-03763-4 978-3-642-03764-1},
  langid = {english}
}

@article{whittleStatePracticeModelDriven2014,
  title = {The {{State}} of {{Practice}} in {{Model-Driven Engineering}}},
  author = {Whittle, Jon and Hutchinson, John and Rouncefield, Mark},
  year = {2014},
  month = may,
  journal = {IEEE Software},
  volume = {31},
  number = {3},
  pages = {79--85},
  issn = {0740-7459, 1937-4194},
  doi = {10.1109/MS.2013.65},
  langid = {english}
}

@book{wieringaDesignScienceMethodology2014,
  title = {Design {{Science Methodology}} for {{Information Systems}} and {{Software Engineering}}},
  author = {Wieringa, Roel J.},
  year = {2014},
  publisher = {{Springer Berlin Heidelberg}},
  address = {{Berlin, Heidelberg}},
  doi = {10.1007/978-3-662-43839-8},
  isbn = {978-3-662-43838-1 978-3-662-43839-8},
  langid = {english}
}

@incollection{winskelCategoryTheoryModels1986,
  title = {Category Theory and Models for Parallel Computation},
  booktitle = {Category {{Theory}} and {{Computer Programming}}},
  author = {Winskel, Glynn},
  editor = {Goos, G. and Hartmanis, J. and Barstow, D. and Brauer, W. and Brinch Hansen, P. and Gries, D. and Luckham, D. and Moler, C. and Pnueli, A. and Seegm{\"u}ller, G. and Stoer, J. and Wirth, N. and Pitt, David and Abramsky, Samson and Poign{\'e}, Axel and Rydeheard, David},
  year = {1986},
  volume = {240},
  pages = {266--281},
  publisher = {{Springer Berlin Heidelberg}},
  address = {{Berlin, Heidelberg}},
  doi = {10.1007/3-540-17162-2_128},
  isbn = {978-3-540-17162-1 978-3-540-47213-1},
  langid = {english}
}

@incollection{winskelEventStructures1987,
  title = {Event Structures},
  booktitle = {Petri {{Nets}}: {{Applications}} and {{Relationships}} to {{Other Models}} of {{Concurrency}}},
  author = {Winskel, Glynn},
  editor = {Goos, G. and Hartmanis, J. and Barstow, D. and Brauer, W. and Brinch Hansen, P. and Gries, D. and Luckham, D. and Moler, C. and Pnueli, A. and Seegm{\"u}ller, G. and Stoer, J. and Wirth, N. and Brauer, W. and Reisig, W. and Rozenberg, G.},
  year = {1987},
  volume = {255},
  pages = {325--392},
  publisher = {{Springer Berlin Heidelberg}},
  address = {{Berlin, Heidelberg}},
  doi = {10.1007/3-540-17906-2_31},
  isbn = {978-3-540-17906-1 978-3-540-47926-0},
  langid = {english}
}

@article{winskelModelsConcurrency1993,
  title = {Models for {{Concurrency}}},
  author = {Winskel, Glynn and Nielsen, Mogens},
  year = {1993},
  month = nov,
  journal = {DAIMI Report Series},
  volume = {22},
  number = {463},
  issn = {2245-9316, 0105-8517},
  doi = {10.7146/dpb.v22i463.6936}
}

@book{wohlinExperimentationSoftwareEngineering2012,
  title = {Experimentation in {{Software Engineering}}},
  author = {Wohlin, Claes and Runeson, Per and H{\"o}st, Martin and Ohlsson, Magnus C. and Regnell, Bj{\"o}rn and Wessl{\'e}n, Anders},
  year = {2012},
  publisher = {{Springer Berlin Heidelberg}},
  address = {{Berlin, Heidelberg}},
  doi = {10.1007/978-3-642-29044-2},
  isbn = {978-3-642-29043-5 978-3-642-29044-2},
  langid = {english}
}

@article{wolterStrukturUndVerhalten,
  title = {{Struktur und Verhalten \textendash{} Duale System-Aspekte}},
  author = {Wolter, Uwe},
  pages = {33},
  langid = {ngerman}
}

@book{wongProcessAlgebraicApproachWorkflow2007,
  title = {A {{Process-Algebraic Approach}} to {{Workflow Specification}} and {{Refinement}}},
  author = {Wong, Peter and Gibbons, Jeremy},
  year = {2007},
  month = mar,
  volume = {4829},
  pages = {65},
  doi = {10.1007/978-3-540-77351-1_5},
  isbn = {978-3-540-77350-4}
}

@incollection{wongProcessSemanticsBPMN2008,
  title = {A {{Process Semantics}} for {{BPMN}}},
  booktitle = {Formal {{Methods}} and {{Software Engineering}}},
  author = {Wong, Peter Y. H. and Gibbons, Jeremy},
  editor = {Liu, Shaoying and Maibaum, Tom and Araki, Keijiro},
  year = {2008},
  volume = {5256},
  pages = {355--374},
  publisher = {{Springer Berlin Heidelberg}},
  address = {{Berlin, Heidelberg}},
  doi = {10.1007/978-3-540-88194-0_22},
  isbn = {978-3-540-88193-3 978-3-540-88194-0},
  langid = {english}
}

@inproceedings{xiaoshanliFormalSemanticsUML2004,
  title = {A Formal Semantics of {{UML}} Sequence Diagram},
  booktitle = {2004 {{Australian Software Engineering Conference}}. {{Proceedings}}.},
  author = {{Xiaoshan Li} and {Zhiming Liu} and Jifeng, H.},
  year = {2004},
  pages = {168--177},
  publisher = {{IEEE}},
  address = {{Melbourne, Vic., Australia}},
  doi = {10.1109/ASWEC.2004.1290469},
  isbn = {978-0-7695-2089-6},
  langid = {english}
}

@inproceedings{yaoConsistencyCheckingUML2006,
  title = {Consistency {{Checking}} of {{UML Dynamic Models Based}} on {{Petri Net Techniques}}},
  booktitle = {2006 15th {{International Conference}} on {{Computing}}},
  author = {Yao, Shuzhen and Shatz, Sol},
  year = {2006},
  month = nov,
  pages = {289--297},
  publisher = {{IEEE}},
  address = {{Mexico city, Mexico}},
  doi = {10.1109/CIC.2006.32},
  isbn = {978-0-7695-2708-6},
  langid = {english}
}

@inproceedings{yoshidaTabularEditorsGeant42000,
  title = {Tabular Editors for {{Geant4}}: {{Geant4}} Geometry Editor and {{Geant4}} Physics Editor},
  booktitle = {11th International Conference on Computing in High-Energy and Nuclear Physics},
  author = {Yoshida, H. and Kodama, T. and Nagamatsu, M. and Sei, S. and Yamada, T. and Kurasige, H.},
  year = {2000},
  month = feb,
  pages = {115--118}
}

@article{zellerDDDFreeGraphical1996,
  title = {{{DDD}}\textemdash a Free Graphical Front-End for {{UNIX}} Debuggers},
  author = {Zeller, Andreas and L{\"u}tkehaus, Dorothea},
  year = {1996},
  month = jan,
  journal = {SIGPLAN Not.},
  volume = {31},
  number = {1},
  pages = {22--27},
  publisher = {{Association for Computing Machinery}},
  address = {{New York, NY, USA}},
  issn = {0362-1340},
  doi = {10.1145/249094.249108},
  issue_date = {Jan. 1996}
}

@inproceedings{zhangSMTbasedLTLModel2017,
  title = {Towards {{SMT-based LTL}} Model Checking of Clock Constraint Specification Language for Real-Time and Embedded Systems},
  booktitle = {Proceedings of the 18th {{ACM SIGPLAN}}/{{SIGBED Conference}} on {{Languages}}, {{Compilers}}, and {{Tools}} for {{Embedded Systems}}},
  author = {Zhang, Min and Ying, Yunhui},
  year = {2017},
  month = jun,
  pages = {61--70},
  publisher = {{ACM}},
  address = {{Barcelona Spain}},
  doi = {10.1145/3078633.3081035},
  isbn = {978-1-4503-5030-3},
  langid = {english}
}

@article{zhouModelingMethodsDynamic2014,
  title = {Modeling Methods for Dynamic Behaviors of Cyber-Physical System},
  author = {Zhou, X.-S. and Yang, Y.-L. and Yang, G.},
  year = {2014},
  journal = {Jisuanji Xuebao/Chinese Journal of Computers},
  volume = {37},
  number = {6},
  pages = {1411--1423},
  doi = {10.3724/SP.J.1016.2014.01411},
  document_type = {Article},
  source = {Scopus}
}

@inproceedings{zschalerAddingHenshinEngineGEMOC2018,
  title = {Adding a {{HenshinEngine}} to {{GEMOC}} Studio: {{An}} Experience Report},
  booktitle = {{{MODELS}} Workshops},
  author = {Zschaler, S.},
  year = {2018}
}


